4440 6276
1026 408 1173 462 CORIPPI

675 598 853 681 auspicium
877 596 955 663 felix
977 597 1034 661 illo
1058 598 1097 662 dc
1120 599 1246 663 nomine
1269 599 1364 682 cepit.

676 701 871 785 prosperitas
894 721 933 766 es
955 702 1058 785 prima
1081 702 1141 766 t'uit
1163 702 1352 784 fortunaque
1374 723 1480 767 rerum

675 813 818 889 tempora
841 805 969 869 defesso
992 824 1149 869 renovans
1171 805 1279 868 t'elioia
1301 805 1434 886 mundo,

676 907 761 988 quod
783 908 918 991 primum
942 907 983 972 ad
1007 908 1105 972 limen
1127 909 1211 972 bona
1233 915 1308 972 tunc
1330 908 1469 973 Victoria
1491 907 1594 987 venit,

675 1011 760 1075 orbis
782 1011 815 1075 in
837 1013 1016 1094 Augustam
1040 1012 1184 1076 dominos
1207 1019 1242 1076 nt
1264 1011 1395 1076 duceret
1416 1012 1534 1076 aulem.
1627 1039 1631 1052 ¹

676 1115 735 1179 hoe
756 1135 870 1179 nomen
894 1134 962 1179 sors
985 1116 1071 1179 lacta
1092 1114 1167 1194 tibi⁷
1194 1114 1353 1194 (taliane,
1381 1113 1503 1179 dicavit

676 1217 893 1301 promeritis,
920 1218 968 1282 vir
991 1219 1093 1298 clere,
1120 1218 1192 1282 tuis.
1241 1217 1408 1299 tactusque
1430 1217 1574 1282 minister

675 1321 756 1386 tanti
779 1321 922 1402 consilii,
948 1321 1024 1386 licet
1044 1322 1125 1386 bueo
1147 1321 1227 1385 deus
1249 1321 1355 1385 omnia
1377 1321 1468 1402 fecit,

675 1432 709 1489 tu
731 1444 856 1506 quoque
880 1444 950 1488 eum
974 1423 1128 1503 dominis,
1155 1425 1304 1506 ‹tuoniam
1327 1424 1374 1489 sic
1396 1433 1502 1490 mente
1524 1424 1612 1490 tideli

675 1527 784 1591 vixisti
807 1527 978 1607 viresque,
1004 1527 1068 1591 tuis
1090 1528 1237 1593 mercede
1260 1528 1403 1592 laborum

675 1636 837 1694 aetemam
860 1630 980 1694 tamam
1003 1629 1194 1711 laudemque
1217 1638 1250 1694 et
1270 1651 1384 1694 nornen
1408 1630 1552 1695 habebis.

675 1733 711 1797 tit
733 1732 830 1796 iussis
852 1754 941 1796 mora
962 1733 1052 1797 nulla
1074 1731 1165 1796 dein:
1195 1752 1267 1795 mon
1290 1734 1430 1798 claustra
1453 1733 1616 1798 resolvens

674 1835 791 1900 ianitor
812 1836 973 1900 excelsam
996 1834 1144 1899 stridenti
1166 1834 1295 1899 cardine
1318 1842 1438 1918 portam

674 1938 807 2023 imperio
831 1938 986 2003 reseravit
1009 1937 1089 2002 beri.
1135 1936 1201 2002 iam
1223 1937 1305 2002 visio
1328 1945 1448 2003 certum

674 2043 795 2107 fecerat
815 2041 874 2105 illa
896 2041 1016 2123 virum,
1043 2041 1217 2123 dulcesque
1240 2062 1260 2105 a
1282 2048 1409 2124 pectore
1433 2061 1561 2106 somnos

675 2145 858 2229 expulerat,
886 2164 1043 2227 curaeque
1066 2145 1152 2209 altae
1175 2144 1229 2227 pin
1251 2144 1348 2208 corda
1369 2144 1549 2209 movebant.

676 2256 711 2313 ut
732 2249 817 2314 letae
840 2254 972 2333 patuere
995 2248 1095 2327 fores,
1122 2246 1210 2311 subit
1231 2248 1340 2331 ampla
1363 2255 1494 2312 senatus

675 2351 774 2429 atria,
801 2357 834 2415 et
854 2351 959 2415 aurati
981 2351 1090 2415 subter
1112 2348 1244 2432 fastigia
1266 2349 1341 2414 tecti

675 2453 826 2536 corripuit
848 2453 982 2518 festinus
1004 2454 1065 2517 iter
1087 2460 1282 2517 monstrante
1304 2453 1457 2517 ministro.

761 2561 811 2620 est
833 2555 945 2619 domus
968 2549 1272 2620 irrterr‘orteetorum
1295 2555 1327 2618 in
1351 2565 1441 2639 parte
1464 2577 1620 2641 superna,

675 2660 746 2723 luce
769 2679 829 2723 sua
851 2657 981 2722 radians
1004 2664 1037 2722 et
1057 2666 1167 2742 aperto
1190 2658 1293 2722 libere
1314 2661 1421 2740 eaelo,

676 2762 845 2845 conspicuo
868 2761 961 2827 vitrei
984 2760 1159 2845 splendens
1182 2762 1307 2844 fulgore
1330 2763 1462 2828 metalli.

675 2864 782 2929 dicere
805 2865 834 2929 si
856 2865 907 2929 ias
931 2872 997 2946 est,
1023 2864 1110 2929 mtiii
1131 2884 1194 2929 non
1215 2863 1330 2948 indiga
1351 2865 1429 2930 solis

676 2968 727 3032 vel
751 2968 828 3033 solis
852 2967 990 3032 dicenda
1012 2967 1136 3032 domus.
1185 2967 1369 3050 gratissima
1391 2968 1462 3033 visu

676 3078 709 3136 et
729 3071 813 3136 faeie
835 3071 984 3136 miranda
1006 3070 1076 3136 loci.
1124 3090 1199 3155 pars
1222 3071 1373 3155 prospicit
1395 3091 1460 3136 una

675 3174 855 3239 inmensum
878 3174 1029 3258 pelagus,
1055 3193 1129 3258 pars
1153 3173 1282 3257 respicit
1303 3174 1406 3240 altera
1427 3181 1569 3258 portum,

676 3284 800 3362 portum
823 3297 916 3359 quern
940 3277 1088 3360 geminae
1111 3277 1303 3360 conplexant
1324 3277 1456 3342 brachia
1477 3277 1566 3361 ripae

676 3380 843 3445 moenibus
866 3380 1038 3464 adpositis,
1065 3380 1194 3464 rapidos
1217 3388 1418 3446 contemnere
1441 3388 1553 3445 ventos

677 3491 709 3549 et
730 3483 868 3566 faciunt,
894 3483 1110 3567 praebentque
1133 3484 1237 3547 salum
1259 3485 1395 3549 statione
1418 3484 1570 3567 quietum.

676 3607 850 3669 aequoreos
872 3587 1025 3668 frangunt
1045 3586 1168 3651 obiecto
1190 3606 1347 3651 marmore
1370 3585 1502 3667 fluetus,

676 3697 708 3754 et
729 3689 899 3773 prohibent
921 3687 1039 3753 refluas
1061 3689 1207 3772 angustis
1230 3689 1375 3755 faucibus
1399 3689 1513 3755 undas.

675 3792 794 3876 gratior
815 3792 872 3856 ille
894 3791 955 3857 fnit
976 3790 1112 3855 dominis
1135 3792 1240 3874 locus,
1267 3792 1351 3857 unde
1374 3793 1520 3858 solebant

676 3895 872 3978 undivagum
895 3902 1041 3979 spectare
1063 3895 1177 3960 fretum
1201 3915 1377 3978 curvaeque
1400 3898 1526 3962 carinas

675 4000 782 4063 omnia
802 4005 967 4064 vectantes
989 3999 1108 4081 gemini
1131 3999 1319 4063 commercia
1341 3999 1462 4064 mnndi.

674 4103 742 4167 illic
764 4123 782 4167 e
805 4102 912 4166 stratis
935 4122 1131 4185 consurgens
1153 4102 1282 4187 inpiger
1302 4102 1377 4166 aitis

675 4206 796 4295 eiectus
818 4204 966 4289 princeps
988 4210 1113 4269 secreta
1134 4205 1167 4269 in
1189 4213 1281 4288 parte
1304 4204 1454 4284 sedebat,

675 4315 771 4391 ablue
793 4314 922 4373 ostensa
943 4307 1006 4372 sibi
1029 4328 1122 4373 carae
1144 4307 1305 4372 referebat
1325 4307 1456 4372 amanti.

762 4410 836 4474 dnm
860 4409 997 4492 loquitur
1018 4417 1194 4492 pensantque
1216 4411 1271 4494 pia
1292 4431 1364 4475 curn
1387 4411 1521 4494 coniuge
1543 4430 1652 4493 eures,

676 4513 788 4578 limina
809 4533 902 4579 saera
924 4515 1032 4596 patres
1055 4513 1187 4579 deiectis
1210 4513 1351 4579 vultibus
1373 4514 1502 4580 intrant.

674 4617 731 4682 ille
754 4617 881 4682 habitus
904 4637 1013 4682 casum
1036 4617 1137 4700 signis
1159 4617 1346 4682 monstravit
1367 4617 1497 4703 apertis.

676 4741 843 4785 surrexere
866 4720 937 4802 citi,
963 4720 1133 4803 verbisque
1156 4720 1188 4785 in
1212 4721 1289 4787 sede
1312 4722 1432 4788 relictis

675 4823 717 4889 ad
740 4823 863 4889 medios
886 4844 1003 4890 venere
1025 4825 1123 4890 locos.
1175 4825 1268 4907 ‘qnid
1290 4825 1396 4903 fertis,
1422 4826 1539 4891 amici?

676 4948 732 4991 cur
753 4927 899 4993 tristes’?
941 4928 1083 4994 Iustinus
1104 4928 1161 4993 ait.
1212 4931 1319 5013 ‘pater
1340 4929 1468 4993 inclitus
1491 4928 1576 4994 orbis

676 5031 793 5096 occidit
815 5051 855 5094 an
879 5030 995 5095 vivit'?
1038 5052 1154 5114 magno
1176 5040 1251 5097 tunc
1273 5031 1363 5116 regia
1385 5031 1461 5097 fletu

289 5197 524 5205 ——-
546 5200 649 5206 .--..--
657 5201 661 5205 .
674 5202 700 5206 -.

359 5288 392 5338 88
410 5291 495 5338 abebts
514 5290 541 5337 Μ
653 5292 767 5340 stritus
788 5297 799 5339 1
819 5309 865 5354 uu,
885 5293 961 5340 iussis
981 5296 996 5339 2'
1013 5310 1046 5342 m.
1068 5293 1096 5340 Μ
1198 5294 1257 5341 dein
1276 5294 1363 5354 Ilaupt
1384 5295 1472 5354 opusc.
1496 5295 1537 5340 111
1554 5298 1613 5352 626,
1635 5296 1674 5342 det
1695 5294 1729 5356 Μ,
1749 5297 1836 5344 densus
1854 5312 1909 5344 curu

290 5376 599 5436 tmepucnttbustunctum
614 5379 821 5439 Vouckspec.15
925 5377 954 5426 01
977 5379 1054 5426 crint
1157 5379 1409 5440 terraemetus
1512 5379 1543 5428 98
1563 5386 1589 5428 ct
1601 5381 1635 5440 M,
1655 5389 1685 5429 nt
1703 5382 1779 5428 Burtt
1800 5383 1912 5428 121100

288 5478 315 5524 p.
331 5464 397 5510 1518
503 5461 551 5512 102
569 5464 632 5513 facie
649 5464 761 5512 nutando
779 5464 851 5524 nure,
871 5466 960 5512 faciem
978 5466 1015 5513 irs
1033 5469 1045 5512 1
1066 5482 1111 5525 m.‚
1132 5468 1219 5514 faeiem
1238 5468 1323 5528 iraque
1342 5471 1358 5512 ι)
1375 5482 1408 5514 m.
1424 5465 1451 5513 Μ
1557 5465 1603 5514 105
1622 5468 1750 5528 adpositus
1771 5473 1781 5515 1
1802 5485 1847 5527 uu,
1867 5470 1911 5516 ad·

289 5549 377 5610 positis
397 5550 412 5594 ‘2
430 5565 463 5597 m.
485 5548 513 5596 M
650 5551 747 5611 rapidos
767 5550 807 5608 M,
834 5552 930 5599 rabidos
949 5551 1069 5600 Buebreur
1088 5552 1152 5601 Mus.
1173 5553 1249 5600 Rbeu.
1272 5553 1371 5600 trull
1389 5555 1437 5600 ’291
1578 5553 1781 5602 recursurus
1801 5555 1874 5614 Fopp.

289 5648 339 5695 quo
357 5634 534 5684 add.·.³m.dt
639 5634 686 5685 108
704 5636 858 5700 proibentM
963 5636 1006 5685 111
1029 5638 1204 5686 conmerctsM
1312 5638 1542 5688 tl2eodd.t’m.
1558 5638 1585 5686 Μ
1690 5639 1736 5690 111
1756 5639 1878 5692 abitusdi

290 5722 437 5769 monstrabit
457 5719 485 5767 Μ
589 5721 731 5771 tutamini
752 5722 779 5770 Μ
883 5723 931 5772 120
949 5729 1020 5787 pater
1038 5724 1110 5785 nora,
1130 5738 1172 5787 par
1191 5723 1219 5772 Μ
