4440 6276
904 418 1132 475 l’ROOEMlVll.
1720 415 1833 480 XXlll

205 653 345 723 teretur,
381 646 687 729 impetraverant.
725 643 950 709 coniurationis
981 643 1201 706 Armeniorum
1232 662 1272 705 ne
1307 641 1467 725 particeps
1501 641 1629 724 quidem
1663 639 1739 719 fuit,
1778 639 1836 704 sed

204 774 348 849 tyranno
375 765 502 829 demum
536 763 702 830 interfecto
734 764 925 828 inoaerario
959 762 1076 827 tuendo
1111 763 1307 826 Artabanum
1342 761 1465 826 adiuvit
1480 764 1541 835 ¹¹¹3.
1601 762 1691 838 Quae
1725 779 1837 824 narra-

204 886 248 950 tio
278 885 356 949 milri
385 886 485 949 multo
515 885 620 967 magis
650 883 779 947 arridet.
827 884 901 948 Veri
931 884 1015 947 enirn
1045 882 1218 946 admodum
1251 882 1354 946 simile
1385 881 1512 946 videtur
1539 881 1711 964 Corippum
1735 881 1836 944 Atha-

206 1005 311 1069 nasio.
345 1005 400 1087 qui
424 1004 617 1069 Guntaritlro
639 1004 744 1068 occiso
767 1003 894 1068 Africae
919 1003 1151 1087 praefecturam
1176 1005 1421 1085 receperat¹¹²s.
1456 1002 1570 1066 landes
1591 999 1676 1064 iusto
1699 1000 1836 1064 maiores

206 1125 368 1189 tribuisse.

294 1314 362 1376 lanr
392 1313 454 1376 alio
486 1313 525 1377 de
548 1313 744 1377 lobannidos
768 1314 836 1376 loco
860 1311 1012 1375 iudicium
1037 1311 1221 1388 ferendum,
1255 1331 1316 1392 quo
1341 1311 1492 1374 Antalas.
1526 1310 1708 1372 Maurorum
1731 1309 1837 1391 Byza-

208 1452 356 1498 cenorum
380 1432 528 1514 regulus,
562 1431 624 1495 nisi
655 1452 713 1495 sua
736 1452 795 1515 oqre
819 1432 962 1496 adiutum
987 1432 1182 1495 Artabanum
1208 1429 1545 1494 Guntaritlri'caedenr
1568 1437 1750 1513 perpetrare
1774 1449 1836 1491 non

206 1553 349 1638 potuisse
372 1551 601 1633 gloriatnrssli.
642 1552 804 1621 Antalarn,
832 1552 885 1633 qui
908 1551 1044 1634 primurn
1068 1550 1260 1614 Gurrtaritlro
1283 1550 1415 1625 faverat,
1443 1548 1555 1613 auxilii
1579 1548 1725 1613 mercede
1749 1548 1838 1612 frau-

207 1672 317 1738 datum
335 1671 451 1737 exinde
466 1671 621 1735 infestum
644 1681 778 1754 tyranno
801 1671 901 1735 fuisse
925 1679 988 1735 tarn
1013 1679 1098 1735 certo
1121 1669 1303 1734 testimonio
1327 1677 1520 1752 compertum
1545 1669 1700 1733 babemus
1714 1674 1776 1741 ¹¹⁴,
1804 1677 1839 1733 ut

208 1814 280 1857 cum
304 1792 422 1856 Antala
453 1791 493 1856 de
523 1800 659 1874 tyranno
689 1812 706 1856 e
734 1790 838 1855 medio
862 1790 1003 1855 tollendo
1026 1792 1108 1854 clam
1131 1791 1328 1854 Artabanum
1351 1789 1458 1872 egisse
1481 1811 1543 1853 non
1567 1788 1608 1853 sit
1630 1790 1715 1872 quod
1738 1809 1839 1872 nege-

208 1932 289 1976 mus.
331 1912 411 1976 Cum
435 1922 541 1976 autern
566 1911 683 1975 caedes
706 1912 776 1995 ipsa
799 1910 885 1975 haud
905 1910 1000 1975 dubie
1016 1911 1177 1975 Artabano
1194 1910 1415 1992 Armeniisque
1432 1910 1510 1974 solis
1526 1909 1722 1994 perficienda
1738 1917 1833 1985 esset,

207 2052 247 2097 ea
270 2038 391 2097 tanturn
417 2031 457 2095 de
481 2052 579 2096 causa
594 2031 731 2096 Antalae
755 2030 927 2095 amicitiam
944 2031 1125 2095 Artabanus
1149 2029 1301 2094 ambiisse
1325 2030 1462 2097 ridetur.
1489 2030 1575 2113 quod
1598 2031 1693 2095 rebus
1708 2029 1837 2094 Africae
1918 2070 1921 2076 ,

207 2160 349 2217 extremo
371 2152 404 2216 in
427 2150 570 2235 periculo
593 2151 795 2215 versantibus
826 2149 1002 2213 carendum
1034 2169 1105 2214 csse
1135 2150 1363 2232 intellegebat,
1396 2171 1436 2214 ne
1461 2150 1539 2215 forte
1562 2151 1744 2214 Maurorum
1769 2171 1837 2213 onr-

207 2273 294 2337 nium
327 2271 422 2336 simul
452 2272 501 2335 vis
531 2271 563 2335 in
587 2272 745 2335 Romanos
777 2269 937 2335 discordia
960 2270 1111 2334 intestina
1134 2270 1316 2334 laborantes
1338 2270 1511 2353 ingrueret.
1559 2270 1601 2333 Vt
1622 2270 1720 2352 igitur
1743 2280 1838 2335 antea

207 2392 419 2456 Guntaritbus
441 2392 578 2481 Antalae
609 2398 706 2454 totam
738 2410 772 2454 se
803 2389 998 2474 prouinciam
1023 2389 1223 2472 szaceuam
1255 2409 1478 2454 concessuram
1508 2389 1669 2473 pollicitus
1691 2394 1834 2471 erat¹¹⁵},

207 2512 252 2576 ita
280 2520 355 2576 tunc
386 2511 542 2595 promisso
571 2511 667 2575 simili
690 2511 873 2574 Artabanus
896 2510 1076 2573 Maurorum
1108 2509 1285 2593 principem
1309 2510 1369 2574 sibi
1394 2509 1582 2574 conciliasse
1605 2476 1742 2574 videtur.
1791 2510 1838 2574 Re

207 2632 345 2696 feliciter
367 2640 499 2715 peracta
522 2630 718 2694 Artabanum
741 2629 905 2713 promissis
929 2649 991 2692 non
1015 2629 1161 2706 stetisse,
1195 2629 1408 2710 Antalamque
1436 2650 1473 2694 ea
1498 2630 1537 2694 de
1561 2649 1659 2694 causa
1681 2650 1782 2694 noras
1806 2630 1838 2693 in

206 2754 367 2816 Romanos
389 2752 454 2815 iras
478 2749 659 2834 percepisse
683 2769 775 2814 nemo
798 2749 1039 2816 mira-biturlllss.

293 2942 387 3005 Certe
410 2937 605 3003 lobannidos
629 2937 778 3013 locorum,
805 2937 984 3018 dequibus
1008 2937 1100 3001 modo
1124 2938 1262 3019 egimus,
1290 2946 1420 3002 neuter.
1447 2958 1549 3020 neque
1573 2937 1742 3002 Athanasii
1766 2938 1837 3002 laus

206 3080 310 3142 neque
334 3061 472 3124 Antalae
504 3057 672 3123 ostentatio
696 3057 842 3140 Procopii
873 3056 1086 3121 narrationem
1116 3056 1261 3139 infringit
1286 3057 1338 3120 vel
1362 3057 1494 3138 refutat,
1528 3077 1592 3140 qua
1612 3059 1833 3124 Armeniorum

205 3180 328 3247 merito.
354 3180 509 3244 Artabani
532 3179 669 3242 manime
694 3178 877 3242 fortitudine
901 3184 932 3240 et
954 3175 1130 3241 ealliditate
1154 3176 1294 3269 Africam
1317 3176 1514 3261 provinciam
1536 3178 1720 3262 imperatori
1743 3199 1835 3244 reeu-

204 3309 348 3383 peratam
380 3319 451 3364 esse
482 3299 643 3387 docemur.
691 3297 853 3361 Artabano
876 3295 1071 3359 lastinianus
1101 3296 1170 3380 ipse
1200 3296 1357 3361 maximas
1388 3297 1508 3379 gratias
1534 3297 1664 3378 babuit,
1696 3319 1833 3381 eumque

205 3419 313 3483 statim
335 3419 507 3484 Africanae
537 3419 670 3483 militiae
699 3418 755 3482 toti
784 3416 949 3500 praefecit.
998 3416 1077 3479 Cum
1107 3423 1213 3480 autem
1236 3417 1419 3481 Artabanus
1448 3417 1517 3501 ipse
1545 3418 1655 3501 paullo
1677 3427 1766 3503 post,
1800 3427 1836 3483 ut

204 3646 367 3652 ——-
378 3646 491 3653 ..ᾳ-...ῃ

294 3798 351 3859 ling·
374 3800 442 3847 Proc.
464 3801 487 3845 b.
510 3798 592 3846 Varrd.
615 3799 637 3844 ll
658 3797 690 3844 ‘lo
709 3803 797 3862 πρῶτοι
817 3795 862 3860 μὲν
882 3792 925 3844 οὗν
944 3796 986 3846 τὸν
1004 3786 1156 3846 'dicaciam
1176 3792 1350 3858 μετεπέμπετο
1375 3798 1431 3844 'scit
1454 3793 1467 3846 ὁ
1487 3792 1505 3847 Γ
1507 3794 1631 3865 όνθοιρις),
1652 3797 1695 3847 καὶ
1714 3798 1741 3855 ὃς
1760 3797 1829 3868 αὐτῷ

204 3881 278 3935 οὐδὲν
298 3880 426 3950 μελλήσας
444 3881 520 3948 ἦλθε.
553 3881 651 3950 θωπείᾳ
668 3898 694 3932 τε
713 3878 797 3951 πολλῄ
815 3882 949 3951 χρώμενος
962 3879 1072 3948 ’δίνησιν
1092 3879 1225 3951 παρείχετο
1245 3881 1280 3935 ὡς
1298 3878 1368 3946 αὐτῷ
1389 3880 1426 3932 ὅτι
1445 3880 1554 3948 μάλιστα
1572 3881 1589 3950 ἡ
1609 3882 1697 3949 πρᾶξις
1717 3882 1828 3952 ἀρέσκει.

206 3971 347 4018 Arecbindo
366 3972 497 4019 interfecto
512 3961 667 4021 'Alia-iacias
687 3966 774 4034 μέντοι
793 3965 935 4036 ἐφείσαντο,
954 3967 983 4018 τὸ
1000 3971 1089 4036 γῆρας,
1111 3963 1191 4033 οἶμαι,
1210 3969 1255 4016 τοῦ
1274 3963 1410 4034 ἀνθρώπου
1432 3963 1599 4034 ὑπεριδόντες.

293 4072 349 4134 111)
371 4074 438 4122 Ρτοο.
460 4074 484 4121 b.
506 4073 588 4121 Vand.
609 4073 634 4120 ll
653 4070 686 4120 28
709 4069 766 4122 τότε
796 4072 857 4132 (acti.
879 4071 1030 4120 Guntaritlro
1048 4073 1138 4132 occiso)
1161 4061 1322 4138 Ἀρταβάνης
1345 4071 1388 4122 τὸν
1412 4063 1565 4123 ‘illaudatos
1591 4069 1749 4143 ἐμαρτύρατο
1775 4071 1830 4124 far·
1901 4100 1903 4105 .

205 4155 340 4223 μολεῖσθαι
358 4163 409 4208 τῶν
427 4156 453 4208 ἐν
472 4156 509 4226 τῷ
527 4153 641 4226 παλατίῳ
659 4155 810 4227 χρημάτων.
850 4153 896 4207 ὅσοι
913 4155 961 4226 γὰρ
977 4151 1135 4226 Ἀρεοβίνδῳ
1154 4154 1295 4218 ἐλέλειπτο,
1317 4153 1427 4209 ἐνταῦθα
1446 4155 1520 4208 εἶναι.

294 4261 348 4320 112)
371 4261 426 4312 Cor.
446 4262 499 4310 lob.
521 4261 569 4307 Vll
592 4260 639 4308 199
670 4261 702 4308 ι·1.
723 4262 844 4322 prooemii
863 4261 941 4309 liuius
958 4261 1144 4309 adnotationem
1164 4260 1223 4311 191.

295 4364 352 4424 113)
374 4365 428 4413 eor.
450 4365 502 4412 lch.
525 4364 562 4410 1v
581 4362 629 4411 367
649 4359 781 4428 [Anteiam
807 4370 894 4424 ‘quani
913 4363 962 4411 lida
980 4364 1027 4424 sit,
1050 4365 1147 4424 iuquit,
1169 4369 1250 4411 uestra
1268 4377 1308 4411 rea
1326 4359 1440 4429 publica]

375 4441 378 4445 ’
645 4449 812 4509 Armeniique
831 4449 870 4495 tui
889 4448 973 4496 docuit
992 4449 1056 4495 mibi
1075 4449 1171 4496 reddita
1189 4462 1297 4510 merces,

645 4538 758 4594 frangere
777 4535 842 4596 qnod
862 4536 935 4582 nisus
954 4541 1036 4583 nostra
1055 4537 1150 4583 virtute
1169 4543 1302 4594 tyrannum

647 4621 783 4668 Guntarith
801 4621 842 4668 hic
861 4622 953 4681 potuit.

295 4721 349 4783 111)
371 4723 439 4772 Proc.
460 4724 484 4772 b.
507 4723 587 4771 Vaud.
608 4723 631 4769 ll
651 4721 682 4770 27
702 4724 759 4771 init.
786 4722 832 4788 τὴν
857 4721 903 4789 μὲν
921 4713 1084 4791 Ἀρεοβίνῧον
1108 4718 1224 4791 κεφαλὴν
1248 4719 1317 4788 παρὰ
1338 4721 1380 4772 τὸν
1400 4714 1522 4772 'Aetdlos
1542 4718 1555 4770 ὁ
1575 4715 1698 4789 Γίνίλαρις
1719 4720 1826 4790 ἔπεμψε,

203 4805 235 4857 τὰ
253 4803 281 4857 δὲ
298 4806 420 4877 χρήματα
437 4806 557 4865 καὶτοὺς
577 4808 731 4874 στρατιώτας
749 4807 825 4859 αὐτὸν
845 4805 993 4875 ἀποστερεῖν
1013 4806 1086 4875 ἔγνω.
1124 4800 1247 4864 Ἀντοίλας
1265 4806 1364 4865 τοίνυν,
1386 4805 1423 4858 ὅτι
1440 4823 1466 4857 τε
1486 4805 1509 4857 ο1
1527 4813 1577 4858 τῶν
1596 4805 1765 4876 ξυγκειμένων
1785 4806 1830 4858 οὐ·

168 4931 174 4937 .
204 4891 246 4943 ὀὲν
266 4891 395 4954 ἐπετέλει,
422 4891 490 4944 δεινὰ
514 4893 640 4953 ἐποιεῖτο,
666 4894 710 4945 καί
727 4893 760 4945 τὰ
778 4891 952 4961 ὀμωμοσμένοι
970 4892 1007 4962 τῷ
1025 4888 1158 4961 Γονθοίριδι
1176 4892 1201 4950 ές
1220 4893 1261 4944 τὸν
1280 4886 1439 4962 Ἀρεόβινὸον
1459 4890 1552 4944 έννοιῑιν
1571 4889 1708 4962 ἤσχαλλεν.
1746 4890 1832 4944 πολλὰ

204 4981 264 5049 γοῦν
290 4977 316 5028 έν
342 4976 411 5046 αὑτῷ
435 4977 601 5046 λογισάμενος
620 4971 787 5048 Ὶονοτινιονῷ
812 4976 910 5047 βασιλεῖ
934 4984 1093 5048 προςχωρεῐν
1117 4976 1208 5045 iliade:
1237 4982 1322 5042 paullo
1346 4987 1404 5042 poet
1422 4980 1591 5028 Guntarithns
1609 4982 1717 5028 Antalae
1735 4981 1832 5029 bellum

207 5066 291 5114 infert.

292 5166 350 5228 115)
372 5167 438 5215 Ρτοο.
460 5168 484 5216 b.
506 5169 586 5216 Vand.
609 5168 632 5215 ll
652 5166 684 5216 25
703 5169 768 5215 med.

292 5269 348 5330 1165
369 5270 424 5319 Cor.
445 5270 498 5319 loir.
520 5271 555 5318 1v
574 5270 624 5318 ³59
935 5271 1001 5317 ultra
1019 5284 1066 5318 nec
1083 5271 1168 5318 fallere
1187 5271 1322 5331 quiequam

644 5357 753 5403 Antalan
772 5369 800 5404 ee
817 5368 890 5418 posse
908 5363 991 5418 putet.
1030 5358 1078 5403 lam
1098 5357 1193 5404 sufficit
1212 5355 1280 5404 istud

642 5444 762 5489 Armenio
781 5443 885 5489 licuisse
904 5443 992 5492 semel.

574 5526 622 5576 373
642 5528 795 5575 Artabanum
814 5527 886 5574 modo
903 5534 971 5587 grata
989 5528 1064 5588 mibi,
1085 5527 1210 5588 Fortuna,
1233 5527 1361 5587 dedisset,

643 5618 708 5660 sorte
727 5626 791 5660 nova
810 5613 882 5661 fortis
901 5613 995 5675 pariter
1012 5627 1070 5660 cum
1088 5620 1171 5662 noater
1190 5613 1291 5675 llaguas

643 5705 724 5747 castra
743 5701 806 5759 gerit
824 5705 964 5761 gentesque
983 5701 1051 5748 ferae
1069 5699 1099 5748 de
1118 5701 1211 5748 fluibus
1230 5700 1328 5748 Anetrl.
