4440 6276
433 410 529 476 XXX
1132 409 1360 465 PROOEMIVM.

434 640 468 698 ut
495 639 636 715 tempore
666 630 727 696 hoc
755 630 944 695 intermedio
974 630 1133 696 exercitus
1159 631 1312 696 Iohannis
1341 651 1459 714 magna
1488 640 1577 716 parte
1607 632 1776 716 desumpta
1804 632 2058 699 imminueretur.

433 750 525 817 Bello
547 750 633 816 enim
656 750 781 834 Syrtico
803 749 966 815 exoriente
989 769 1103 816 norem
1124 750 1174 815 illi
1197 750 1315 829 duces,
1348 752 1403 833 qui
1430 751 1554 836 primae
1584 771 1712 836 pugnae
1735 751 1962 834 interfuerant,
1995 773 2061 819 nou

433 871 497 936 iam
526 870 559 935 in
582 869 691 936 Africa
722 869 852 952 degisse
882 869 1031 936 ridentur
1060 889 1181 964 omnes,
1228 871 1416 954 Vbicunque
1439 870 1633 935 Iohannidos
1662 871 1696 936 in
1719 871 1808 937 libris
1830 871 2060 956 posterioribus

432 990 518 1057 acies
540 990 768 1073 Byzantiorum
796 989 952 1055 instructa
981 989 1189 1071 describitur,
1222 990 1278 1055 illo
1308 1010 1325 1055 e
1355 1010 1485 1056 numero
1515 990 1655 1073 quinque
1677 997 1801 1055 tantum
1823 998 2056 1057 memorantur:

431 1109 650 1191 Putrintulus,
677 1107 848 1190 Geisirith,
873 1107 1034 1173 Iohannes
1056 1109 1178 1191 senior,
1204 1109 1409 1190 Fronimuth,
1428 1109 1642 1200 Tarasis¹⁰²lx
1691 1108 1874 1175 Ceterorum
1897 1116 2056 1193 quattuor,

432 1229 550 1307 Genti,
577 1227 633 1309 qui
656 1228 759 1311 priore
782 1228 945 1312 inpugna
968 1228 1104 1311 primum
1127 1228 1211 1294 inter
1233 1228 1331 1294 duces
1350 1229 1454 1293 locum
1469 1229 1611 1294 tenuisse
1627 1228 1763 1309 videtur,
1790 1228 1946 1312 Gregorii,
1972 1230 2060 1294 Mar-

430 1349 523 1428 turii,
556 1346 724 1413 Marcentii
754 1347 882 1411 nomina
912 1347 945 1410 in
977 1346 1057 1411 libro
1079 1348 1147 1428 ill,
1181 1349 1265 1430 VIM,
1298 1348 1391 1412 ἮΠθ
1418 1347 1536 1413 trustra
1564 1347 1759 1429 quaerimus.
1805 1348 1892 1414 Casu
1920 1347 2059 1431 quodam

430 1474 558 1553 pettam
581 1466 662 1532 haee
683 1465 812 1531 nomina
833 1465 962 1530 silentio
984 1466 1140 1550 pressisse
1164 1467 1324 1549 equidem,
1351 1487 1423 1533 oum
1445 1487 1508 1531 non
1530 1472 1644 1551 poetae
1667 1467 1773 1550 magis
1797 1487 1893 1549 quam
1915 1466 2059 1534 historici

431 1607 562 1653 munere
585 1587 741 1670 Corippus
771 1584 939 1667 fungatur,
973 1587 1168 1667 negaverim.
1217 1586 1293 1652 Veri
1322 1586 1421 1651 multo
1452 1586 1589 1652 similius
1620 1593 1684 1666 est,
1717 1585 1775 1651 hos
1802 1586 1886 1651 viros
1909 1595 2060 1669 quattuor

431 1728 502 1774 eum
524 1705 684 1787 numeris,
716 1704 832 1786 quibus
855 1712 1058 1789 praeessent,
1091 1705 1146 1770 ubi
1168 1705 1305 1790 primum
1328 1704 1437 1771 Africa
1460 1713 1575 1789 pacata
1596 1704 1775 1786 rideretur,
1808 1705 1906 1771 aliam
1927 1706 1961 1771 in
1983 1726 2058 1791 pro-

430 1827 569 1893 vinciam
599 1825 803 1890 transmissos
833 1844 920 1905 esse,
955 1823 988 1888 in
1010 1823 1137 1889 Italiam
1167 1823 1317 1907 forsitan,
1350 1824 1405 1890 ubi
1432 1844 1483 1891 res
1505 1825 1668 1890 Romanae
1698 1831 1774 1890 tune
1802 1824 2055 1892 collabebantur.

431 1948 512 2012 Oum
540 1944 691 2010 Ifisdaiae
721 1943 818 2010 etiam
847 1943 968 2008 auxilio
997 1943 1169 2010 destitutus
1200 1965 1219 2008 a
1248 1944 1430 2009 Maurorum
1459 1944 1600 2029 principe
1629 1943 1718 2009 nullo
1748 1951 1875 2028 praeter
1904 1944 2057 2011 Ousinam

429 2066 589 2131 Iohannes
611 2063 832 2143 adiuraretur,
867 2062 1044 2127 minoribus
1071 2063 1169 2127 multo
1200 2064 1301 2147 copiis
1331 2062 1372 2129 ad
1400 2064 1553 2129 maiorem
1576 2062 1812 2148 expeditionem
1835 2070 1957 2130 aestate
1980 2065 2057 2130 anni

430 2189 491 2250 547
516 2184 669 2267 magister
690 2182 826 2247 militum
847 2181 1009 2265 profectus
1032 2188 1091 2247 est.

516 2304 766 2371 Coniuraverant
787 2309 896 2367 contra
918 2302 1078 2367 Romanos
1101 2300 1210 2385 populi
1233 2301 1349 2386 Syrtici
1372 2322 1500 2380 omnes,
1534 2303 1588 2385 qui
1611 2303 1706 2368 lerna
1727 2303 1956 2368 Marmaridum
1978 2323 2056 2386 rege

427 2423 594 2491 interfecto
616 2421 779 2487 Iluracurn
809 2420 956 2504 regulum
979 2419 1141 2485 Careasan
1170 2441 1327 2486 summum
1357 2421 1418 2486 sibi
1444 2421 1559 2487 ducem
1582 2429 1769 2516 creaverant
1779 2425 1843 2504 163).
1889 2423 2056 2488 Ammonis

429 2543 567 2610 oraculis
588 2541 623 2606 in
644 2540 797 2606 victoriae
820 2560 910 2624 spem
933 2546 1052 2605 certam
1075 2540 1231 2623 erecti¹⁰¹j
1260 2546 1372 2622 gentes
1395 2542 1513 2605 multas
1537 2540 1706 2617 finitimas,
1736 2561 1818 2623 quae
1841 2541 1945 2625 priore
1968 2543 2055 2608 bello

427 2664 657 2742 abstinuerant,
683 2659 717 2724 in
739 2680 899 2725 armorum
922 2659 1107 2725 societatem
1129 2659 1321 2726 adiunxere:

427 2783 496 2848 Ioh.
522 2783 566 2847 VI
591 2784 650 2846 195
1322 2800 1382 2845 nec
1404 2779 1492 2844 solus
1514 2779 1646 2861 Ilaguas

787 2890 843 2947 aut
865 2888 984 2964 gentes·
1000 2887 1124 2946 tantum
1146 2889 1280 2964 egerunt
1302 2902 1383 2964 quae
1406 2882 1494 2947 bella
1517 2882 1639 2965 priores

789 3004 965 3050 convenere
989 2984 1068 3057 sibi,
1095 2983 1153 3049 sed
1176 2984 1204 3048 si
1226 2984 1297 3066 quis
1321 2984 1444 3067 Syrtica
1468 3003 1541 3047 rura

788 3106 884 3171 asper
905 3094 974 3151 arat
996 3086 1177 3165 Nasamon,
1204 3085 1326 3168 siquis
1349 3085 1594 3151 Garamantidos
1617 3086 1702 3150 arsis

788 3189 950 3272 proximus
973 3208 1051 3253 arva
1073 3189 1166 3271 colit,
1192 3188 1321 3273 pinguis
1344 3186 1399 3271 qui
1421 3187 1565 3270 margine
1589 3188 1657 3252 Nili

790 3296 905 3372 stagna
927 3290 1057 3368 bibunt,
1083 3310 1198 3356 venere
1222 3291 1291 3355 viri.

429 3417 501 3480 Non
531 3414 639 3496 inepte
670 3408 809 3474 foederis
832 3409 966 3473 Maurici
987 3409 1194 3474 increscentis
1218 3410 1470 3491 magnitudinem
1493 3416 1587 3493 poeta
1610 3408 1795 3492 regionibus
1816 3408 1920 3476 tribus
1943 3411 2054 3477 electis

430 3532 591 3617 designat,
617 3549 751 3613 quarum
774 3548 838 3592 una
859 3527 1076 3592 Nasamonum
1100 3528 1253 3594 orientem
1275 3548 1398 3608 rersus,
1428 3529 1530 3593 altera
1552 3528 1744 3610 Maurorum,
1770 3528 1826 3611 qui
1848 3529 2055 3595 Garamanti-

430 3654 491 3721 bus
519 3648 720 3735 (Pbazaniae)
754 3645 880 3712 finitimi
906 3654 1013 3729 erant,
1047 3647 1213 3714 meridiem
1243 3668 1370 3728 versus,
1405 3647 1498 3712 tertia
1527 3646 1723 3713 occidentem
1753 3667 1866 3713 versus
1896 3655 2055 3715 extremos

430 3772 665 3840 foederatorum
687 3766 768 3832 fines
790 3765 958 3832 indicaret.
1004 3767 1117 3849 Neque
1140 3766 1224 3832 enim
1248 3765 1288 3832 de
1310 3766 1393 3847 Nili,
1428 3787 1507 3850 quos
1529 3786 1588 3831 nos
1611 3767 1771 3847 norimus,
1807 3767 1940 3832 lacubus
1962 3787 2056 3851 mag·

430 3895 480 3959 nis
502 3886 717 3974 cogitandum,
748 3885 807 3952 sed
829 3886 869 3951 de
893 3887 1104 3952 Mauritaniae
1127 3885 1362 3969 Numidiaeque
1385 3884 1603 3951 meridionalis
1630 3886 1763 3970 (Sabata
1785 3886 1939 3970 algerien)
1966 3893 2056 3969 stag-

430 4013 498 4092 nis,
532 4031 550 4075 e
580 4007 696 4091 quibus
719 4007 828 4071 Nilum
858 4005 1013 4089 originem
1042 4004 1158 4072 ducere
1182 4013 1307 4071 veteres
1330 4004 1618 4090 opinabantur¹⁰⁵l.
1665 4005 1782 4089 Magno
1804 4003 1861 4070 illo
1884 4026 1902 4072 e
1924 4025 2055 4072 numero

431 4139 615 4213 stagnorum
645 4134 747 4207 certa,
786 4123 829 4189 ad
856 4144 938 4205 quae
969 4119 1152 4206 stagnorum
1181 4124 1378 4190 Niliacorum
1405 4144 1521 4189 nomen
1551 4124 1722 4207 referatur,
1762 4124 1841 4208 eligi
1869 4145 1932 4189 non
1960 4143 2056 4209 posse

433 4246 609 4316 doctissimi
642 4245 760 4329 quique
793 4250 826 4309 et
859 4243 1033 4309 studiorum
1066 4243 1178 4309 bomm
1210 4244 1395 4327 peritissimi
1428 4244 1729 4325 intellexeruntffii).
1782 4246 1921 4309 Tantum
1955 4243 2057 4326 liquet

432 4377 507 4436 tunc
529 4367 657 4431 Mauros
687 4362 832 4429 meridiei
859 4361 996 4427 manime
1025 4362 1177 4428 obnoxios
1206 4361 1282 4428 inde
1311 4363 1353 4428 ab
1382 4363 1512 4429 casibus
1535 4362 1621 4446 Syrti
1644 4363 1756 4429 maiori
1779 4362 1931 4447 proximis
1954 4382 2056 4445 usque

432 4489 475 4555 ad
505 4486 659 4553 Sabaram
682 4482 864 4566 Algerieam
893 4481 972 4546 belli
999 4481 1182 4547 societatem
1211 4482 1374 4566 pepigisse
1387 4486 1450 4563 167).
1497 4481 1686 4565 Priusquam
1715 4482 1850 4566 periculi
1878 4482 2056 4564 ingruentis

520 4808 576 4869 162)
599 4807 654 4856 Gor.
675 4807 728 4856 Iob.
749 4807 783 4855 vl
802 4805 946 4856 ets-525.
968 4809 1030 4855 vlu
1048 4807 1194 4856 oro-377.
1233 4811 1343 4870 Vtroque
1361 4811 1412 4857 loeo
1431 4823 1509 4857 novus
1529 4809 1631 4869 quidam
1649 4810 1702 4856 dux
1721 4815 1884 4868 memoratur,
1906 4810 1947 4856 cui
1965 4820 2056 4856 nomen

426 4893 537 4947 'studuit
553 4896 632 4944 ruisse
651 4893 793 4954 suspicatus
812 4906 876 4941 sum.

520 4980 578 5042 163)
598 4978 653 5027 Gor.
673 4977 727 5028 leh.
748 4976 784 5024 Vl
803 4975 861 5026 141.

521 5065 578 5127 161)
599 5063 653 5112 Gor.
674 5063 726 5112 leh.
747 5064 782 5111 Vl
802 5061 946 5114 tte-190.

521 5151 576 5212 166)
598 5151 699 5198 vitruv.
718 5150 779 5197 Vlll
799 5148 823 5206 2,
845 5149 868 5197 6.
902 5149 1000 5196 Plinius
1019 5162 1044 5197 n.
1065 5148 1089 5197 h.
1111 5148 1134 5194 V
1152 5147 1176 5206 9,
1199 5147 1240 5197 61.
1262 5147 1303 5196 52.
1337 5149 1428 5196 virleu
1447 5147 1478 5196 de
1498 5145 1534 5195 Si.
1556 5147 1648 5195 Martin
1671 5148 1705 5195 Le
1724 5147 1788 5199 Nord
1807 5148 1837 5196 de
1855 5145 1982 5211 l'Afrlque'
1995 5150 2056 5197 dans

432 5237 577 5300 l’antiquitd
594 5251 619 5298 p.
640 5233 699 5283 tar.
735 5234 808 5282 ‘c'est
826 5234 860 5281 dn
879 5234 920 5282 Nil
938 5235 1104 5281 mauritaniam
1123 5247 1173 5294 que
1191 5232 1314 5295 Corippus
1332 5233 1423 5281 entend
1442 5232 1545 5295 parler’,

520 5322 576 5384 166)
599 5322 657 5371 Vir.
677 5320 708 5369 de
727 5318 763 5369 St.
784 5319 875 5369 Martin
893 5319 985 5367 lbldem
1004 5334 1030 5381 p.
1050 5318 1109 5368 135.

521 5407 576 5467 167)
599 5408 668 5454 Proc.
689 5407 714 5453 b.
734 5405 814 5455 Vand.
836 5404 912 5454 1128
936 5403 961 5455 ol
979 5400 1093 5456 Arudber
1118 5401 1191 5459 αὖθις
1217 5403 1315 5471 στρατῷ
1339 5399 1444 5472 μεγάλῳ
1464 5401 1494 5452 ἐι
1510 5408 1561 5452 τῶν
1581 5401 1622 5452 ἐπὶ
1640 5397 1788 5469 Τριπόλεως
1805 5400 1908 5472 χωρίων
1927 5399 1954 5459 tc
1972 5398 2058 5462 Bott-

433 5510 488 5546 rues
506 5489 657 5562 ἀφικόμενοι
674 5493 729 5547 τοῖς
748 5487 814 5559 ἀμφὶ
831 5489 873 5541 τὸν
891 5481 1008 5542 taem
1027 5486 1164 5556 ξυνέμιξαν.
1205 5490 1335 5550 Perpetem
1358 5494 1425 5536 eerte
1443 5488 1577 5549 Procopius
1599 5490 1650 5536 iam
1669 5498 1729 5535 tunc
1747 5489 1866 5536 Antslam
1884 5501 1940 5536 eum
1958 5487 2057 5550 populis

434 5577 539 5638 Syrtlcis
557 5582 636 5626 castra
654 5577 770 5625 iunxisse
788 5582 920 5624 asseverat.
958 5575 1015 5622 Post
1033 5576 1152 5623 lobannis
1176 5576 1278 5625 demum
1302 5575 1395 5623 cladem
1414 5573 1530 5621 Antalsm
1556 5574 1689 5623 rebellasse
1707 5572 1830 5636 corippus
1854 5575 1957 5623 disertis
1975 5573 2058 5621 verbis

433 5660 648 5713 docetV11286.
