4440 6276
799 434 1027 490 lllllANNlDOS
1046 434 1116 490 LlB.
1137 434 1186 490 VI.
1209 435 1264 498 lv„

606 630 778 688 excurrunt
800 623 923 689 celeres
944 623 1060 689 calidis
1082 646 1103 691 a
1125 624 1272 709 Syrtibus
1294 624 1383 699 alae,

605 725 805 810 invitantque
827 725 912 792 feras
934 727 1026 810 regni
1049 727 1109 794 sub
1131 728 1274 810 imagine
1297 734 1422 811 gentes.

607 830 743 896 barbam
764 829 858 896 turba
879 830 951 895 coit.
999 830 1139 897 numeris
1161 837 1299 914 augetur
1320 837 1353 896 et
1373 829 1481 894 armis.

607 941 681 999 tunc
703 933 827 1016 equites
849 933 1036 1018 peditesque
1059 901 1169 1016 rumit,
1196 933 1334 1015 altisque
1358 933 1489 999 camelis

607 1037 787 1101 blaurorum
810 1036 865 1118 qui
887 1055 974 1103 more
996 1036 1119 1103 sedent.
1168 1057 1227 1103 nec
1250 1037 1337 1103 solus
1360 1037 1492 1119 Ilaguas

607 1146 663 1205 aut
684 1147 798 1222 gentes
820 1145 960 1221 tantum,
987 1148 1120 1222 egemnt
1142 1160 1225 1224 quae
1247 1140 1334 1206 bella
1357 1140 1496 1224 priores,

607 1261 785 1309 convenere
808 1242 887 1323 sibi,
913 1241 972 1309 sed
994 1242 1022 1307 si
1044 1243 1115 1326 quis
1139 1242 1265 1327 Syrtica
1288 1262 1361 1307 rura

608 1366 703 1430 asper
724 1353 796 1412 arat
816 1345 996 1426 Nasamon,
1024 1345 1145 1428 siquis
1169 1345 1417 1411 Garamantidos
1440 1344 1525 1410 aruis

608 1448 770 1534 proximus
792 1468 871 1514 arva
893 1448 984 1530 colit,
1011 1449 1142 1533 pinguis
1165 1449 1219 1533 qui
1242 1448 1387 1530 margine
1412 1447 1480 1512 Nili

608 1559 724 1634 stagna
745 1552 873 1635 bibunt,
902 1572 1017 1619 venere
1040 1552 1109 1618 viri.
1157 1552 1228 1635 quis
1252 1552 1358 1617 dicere
1383 1559 1496 1635 gentes

607 1663 664 1723 aut
683 1676 850 1723 numerare
873 1662 990 1740 queatl
1012 1675 1160 1722 numeres
1182 1663 1238 1720 aut
1260 1655 1408 1739 aequoris
1432 1654 1536 1719 undas

607 1758 784 1826 nimbomm
806 1767 863 1825 aut
884 1766 1010 1842 guttas,
1036 1765 1091 1825 aut
1113 1765 1250 1843 (quantas
1272 1759 1349 1823 litus
1371 1759 1508 1823 harenas

609 1863 720 1944 alluit,
746 1871 802 1929 eut
824 1862 961 1948 pelagus
983 1861 1088 1947 pisces
1110 1871 1167 1928 aut
1189 1870 1275 1928 terra
1297 1862 1444 1927 volucres

609 1967 711 2033 omnis
733 1966 848 2048 habet,
874 1966 983 2032 varius
1005 1974 1083 2050 quot
1103 1965 1207 2050 gignit
1230 1984 1361 2049 campus
1382 1964 1497 2030 aristas

501 2091 514 2130 e
610 2090 684 2136 vere
706 2089 803 2150 novo,
829 2070 881 2134 vel
904 2076 1004 2135 totum
1026 2076 1139 2134 ornant
1160 2076 1237 2152 quot
1259 2068 1368 2134 sidera
1389 2068 1534 2134 caelum.

695 2171 815 2238 uiribus
836 2172 911 2238 inde
933 2172 1000 2237 suis
1022 2173 1178 2238 bellomm
1201 2172 1313 2237 ductor
1333 2191 1430 2236 arene

610 2296 755 2343 securum
778 2276 954 2360 sortemque
977 2283 1109 2361 putans,
1136 2275 1309 2340 simulacra
1330 2273 1461 2340 novavit

611 2379 785 2463 signaque,
811 2388 843 2444 et
864 2379 1016 2446 extremis
1037 2378 1125 2444 acies
1148 2378 1316 2444 commovit
1339 2378 1380 2444 ab
1404 2378 1485 2460 oris,

612 2483 685 2568 plus
707 2482 802 2548 solita
823 2480 940 2548 virtute
962 2481 1120 2564 fremens,
1147 2502 1186 2547 ao
1208 2481 1314 2566 pergit
1335 2481 1368 2546 in
1392 2482 1524 2547 hostem.

613 2586 715 2652 victus
738 2592 772 2650 ut
794 2585 961 2650 Herculeis
983 2585 1126 2651 Antaeus
1149 2605 1247 2668 saepe
1270 2585 1400 2650 lacertis

611 2696 757 2755 contacta
779 2689 905 2774 lapsum
930 2689 1100 2773 reparabat
1121 2708 1235 2773 corpus
1258 2689 1396 2770 herena²

612 2799 723 2877 sponte
746 2792 885 2874 cadens,
912 2791 1013 2857 victor
1034 2792 1135 2857 donec
1157 2790 1345 2876 Tirynthius
1367 2798 1467 2856 artem

611 2901 772 2977 nosceret,
799 2903 831 2961 et
854 2894 987 2960 summis
1009 2895 1195 2980 complexus
1218 2894 1338 2960 viribus
1362 2894 1487 2960 hostem

611 3005 780 3085 pensasset
801 3019 934 3084 pronum
957 3019 1028 3064 cnm
1051 3019 1167 3082 magno
1190 2998 1329 3083 pondere
1352 3017 1483 3081 corpus,

610 3109 741 3187 gutture
762 3122 860 3167 saevo
881 3121 1045 3187 premens:
1072 3108 1108 3168 ut
1127 3109 1244 3167 terram
1267 3108 1400 3186 tangere
1422 3107 1556 3168 matrem

611 3226 674 3271 non
696 3205 814 3290 potuit,
841 3204 954 3270 victrix
977 3204 1085 3270 miseri
1107 3223 1191 3269 mors
1214 3203 1337 3269 lumina
1358 3204 1492 3270 clausit:

612 3308 659 3374 sic
681 3309 783 3375 victus
806 3307 891 3375 vires
914 3309 1075 3374 Cercasan
1098 3307 1227 3374 innovat
1249 3326 1359 3373 omnes

613 3411 763 3496 Syrtibus
785 3431 806 3475 a
827 3410 973 3497 propriis.
1022 3411 1069 3476 sic
1090 3417 1124 3477 et
1145 3410 1316 3476 moriturus
1337 3410 1370 3475 in
1392 3399 1516 3476 hostem

613 3513 740 3580 nescius
762 3534 852 3580 arma
874 3521 975 3598 parat.
1022 3520 1097 3581 tunc
1121 3513 1213 3597 liquit
1235 3521 1363 3599 pectora
1384 3519 1485 3579 terror

613 3616 725 3684 Martis
747 3624 780 3683 et
800 3618 954 3683 obscurae
976 3625 1023 3685 tot
1045 3637 1144 3684 saeva
1167 3617 1312 3702 pericula
1333 3616 1445 3685 noctis.

700 3721 843 3807 pervolat
865 3740 939 3788 ecce
962 3720 1060 3801 levis,
1087 3741 1203 3805 magno
1226 3720 1399 3786 mandante
1422 3721 1553 3786 Rufino.

614 3824 761 3907 nuntius,
787 3832 820 3890 et
842 3823 929 3890 fama
952 3823 1091 3908 Libycas
1113 3823 1299 3890 conterritat
1321 3823 1416 3889 nrbes

613 3928 677 3994 iem
700 3927 866 4012 placidas,
893 3927 993 3994 victas
1015 3927 1129 3993 itemm
1152 3928 1293 3993 bellasse
1315 3934 1477 4003 catervas,

615 4031 732 4098 finibus
754 4031 896 4098 occiduis
918 4031 1058 4115 equiturn
1081 4030 1145 4096 iam
1169 4050 1294 4097 currere
1316 4038 1437 4096 turmas

506 4159 519 4198 e
615 4142 648 4202 et
668 4135 808 4221 Tripolis
830 4141 958 4201 vastare
980 4153 1089 4208 casas,
1116 4133 1321 4218 Carthaginis
1345 4135 1432 4201 altae

615 4239 777 4307 Carcasan
799 4237 929 4305 ductore
952 4237 1037 4303 feras
1058 4236 1102 4302 ad
1124 4237 1252 4303 moenia
1273 4244 1387 4321 gentes

614 4343 661 4409 ire
683 4341 822 4424 docens,
848 4361 1026 4425 nomenque
1050 4339 1111 4407 sibi
1134 4341 1316 4426 promittere
1339 4342 1443 4425 regni.

617 4445 734 4511 missus
756 4445 920 4511 Sidoniam
943 4445 1036 4510 miles
1058 4444 1112 4510 vix
1135 4443 1268 4529 contigit
1288 4445 1414 4525 aulam,

617 4549 738 4616 ductori
761 4549 913 4615 mandata
935 4547 1058 4615 ferens:
1086 4547 1246 4614 concussit
1267 4549 1401 4614 acerbus

617 4651 716 4718 corda
737 4652 824 4717 luror
845 4658 994 4717 narrante
1017 4651 1094 4717 viro.
1143 4650 1200 4717 sed
1222 4650 1338 4716 mentis
1360 4650 1513 4717 honestae

618 4755 765 4821 virtutem
787 4754 974 4820 indomitam
996 4754 1109 4819 melior
1130 4752 1292 4838 sapientia
1314 4752 1446 4819 vincens

619 4857 787 4923 consilinm
810 4856 944 4941 quaerit.
992 4857 1161 4923 volvuntur
1183 4863 1311 4940 pectore
1333 4876 1446 4936 curae,

619 4980 679 5027 nec
700 4967 808 5025 movet
828 4961 968 5026 obtutus.
1015 4959 1132 5025 mentis
1155 4959 1304 5025 discurrit
1324 4979 1470 5027 acumen.

620 5064 728 5130 omnia
749 5062 946 5148 prospiciens
969 5070 1083 5147 pensat
1104 5061 1288 5129 discrimine
1311 5081 1443 5139 causas,

476 5190 523 5229 ror
620 5174 652 5234 et
674 5167 763 5232 videt
783 5164 950 5232 infandum
973 5171 1087 5231 cuncta
1110 5165 1150 5231 de
1172 5172 1263 5252 parte
1285 5165 1451 5252 periclum.

306 5410 350 5461 191
371 5414 410 5461 als
429 5414 450 5459 Τ
574 5412 620 5462 192
639 5412 723 5473 reguls
744 5411 765 5458 Τ
887 5408 934 5458 191
953 5409 1100 5472 peditesque
1118 5415 1196 5458 ruunt
1212 5412 1312 5472 scripsi,
1333 5410 1431 5472 pedites
1449 5425 1514 5474 qnso
1532 5419 1592 5461 runt
1614 5412 1641 5471 Τ,
1662 5415 1759 5475 pedites
1777 5431 1855 5478 quse·

235 5508 296 5547 runt
314 5498 402 5559 Mosa,
422 5499 464 5547 ssd
481 5499 517 5559 ss.
537 5498 737 5547 ululasse?
873 5494 918 5544 195
937 5497 1046 5557 llssguss
1066 5495 1087 5544 Τ
1221 5495 1267 5546 192
1287 5499 1308 5546 sl
1327 5499 1385 5559 quls
1402 5497 1488 5559 seca„
1508 5499 1565 5560 quls
1588 5498 1616 5559 Τ,
1639 5500 1754 5561 quisquis
1774 5500 1853 5550 Mass·

239 5583 286 5634 198
303 5599 376 5647 seper
394 5590 446 5634 srst
463 5586 584 5635 Nasamon
604 5584 692 5645 Musa,
711 5590 811 5646 asperet
829 5596 946 5632 rrsnrsson
967 5582 988 5629 Τ
1102 5583 1199 5644 siquis
1222 5583 1249 5643 Τ,
1270 5590 1296 5631 ct
1312 5585 1357 5646 qni
1376 5583 1454 5633 noe.
1578 5583 1628 5633 296
1646 5599 1720 5634 srene
1741 5587 1767 5647 Τ,
1787 5602 1857 5637 seer-

237 5686 296 5720 num
310 5671 397 5729 Mons„
417 5686 518 5721 arenam
529 5678 552 5720 sl
564 5689 588 5720 o.
604 5673 653 5718 :²07
666 5685 778 5720 securem
791 5670 907 5720 dubitans
919 5669 992 5721 aas.
1093 5667 1143 5717 212
1161 5670 1298 5718 terrlntens
1314 5669 1334 5716 Τ
1431 5668 1481 5720 m
1499 5677 1629 5734 pensasset
1640 5671 1755 5721 debitores
1767 5674 1855 5725 Beth..

236 5766 379 5820 prensassct
399 5758 419 5805 Τ
521 5757 571 5807 219
589 5758 667 5820 llquld
687 5758 708 5805 Τ
811 5754 861 5807 225
879 5755 1078 5816 consensero„
1099 5761 1178 5805 cestu
1199 5755 1228 5816 Τ,
1247 5770 1317 5818 egros
1336 5756 1414 5806 Mass.
1521 5756 1572 5808 2211
1588 5757 1687 5807 csrrbss
1705 5773 1735 5807 so
1757 5760 1778 5809 Τ
