4440 6276
834 1808 995 1907 LIBER
1027 1807 1245 1906 PRIMVS.

702 2039 820 2123 Signa,
847 2039 945 2106 duces
968 2047 1144 2123 gentesque
1167 2039 1253 2104 seras
1276 2039 1448 2121 Martisque
1472 2041 1597 2121 ruinas,

616 2142 751 2208 insidias
773 2150 962 2227 stragesque
984 2142 1086 2207 virum
1110 2141 1268 2225 durosque
1291 2142 1434 2225 labores,

616 2252 649 2312 et
670 2245 811 2330 Libycas
833 2244 945 2313 clades
967 2253 999 2312 et
1020 2245 1139 2311 t'ractos
1162 2245 1283 2311 viribus
1305 2245 1432 2323 hostes,

616 2348 832 2431 indictarnque
854 2348 973 2414 samem
996 2347 1124 2433 populis
1146 2347 1324 2431 laticesque
1346 2355 1497 2431 negatos,

508 2494 512 2507 ·
616 2458 750 2534 utraque
773 2451 899 2518 letifero
920 2451 1087 2517 turbantes
1110 2458 1215 2516 castra
1236 2451 1389 2516 tumultu.

615 2553 758 2619 turbatos
781 2560 960 2637 stratosque
983 2572 1064 2618 cano
1086 2554 1283 2638 populosque
1307 2553 1473 2627 subactos,

616 2655 779 2722 ductorem
801 2663 833 2723 et
853 2676 971 2739 magno
994 2656 1176 2740 signantem
1198 2652 1285 2722 facta
1307 2655 1477 2740 triumpho.

615 2758 787 2825 Aeneadas
810 2777 919 2824 mrsus
941 2758 1073 2843 cupiunt
1095 2778 1243 2824 resonare
1266 2759 1438 2824 Camenae.

616 2861 742 2928 reddita
766 2862 834 2927 Pax
856 2860 981 2945 Libyae
1003 2861 1099 2926 bellis
1121 2861 1321 2928 cessantibus
1343 2869 1445 2928 astat.

514 2991 519 3019 ι
617 2965 730 3031 certior
751 2972 784 3032 et
805 2965 944 3048 geminis
966 2965 1070 3048 fulget
1091 2963 1231 3030 Victoria
1255 2964 1372 3049 pinnis.

616 3067 682 3133 iam
703 3066 810 3133 Pictas
833 3067 923 3133 caelo
944 3074 1047 3132 terras
1068 3067 1232 3151 prospexit
1253 3067 1294 3133 ab
1316 3068 1393 3133 alto.

617 3170 741 3236 lustitia
764 3169 934 3235 comitante
958 3169 1052 3235 simul
1076 3169 1253 3236 Concordia
1277 3171 1429 3236 mundum

616 3273 701 3338 laeta
724 3270 837 3338 fouens
859 3272 977 3353 reiicit,
1003 3271 1140 3355 geminis
1162 3272 1312 3357 amplexa
1336 3273 1474 3339 lacertis.

616 3375 675 3439 has
697 3376 780 3440 inter
802 3374 929 3441 medius
951 3374 1033 3440 solio
1055 3374 1202 3440 sublimis
1226 3376 1267 3441 ab
1289 3377 1371 3456 alm,

508 3501 521 3537 s
617 3477 809 3558 lastiniam,
834 3477 900 3543 tuis
921 3476 1070 3562 princeps
1091 3496 1226 3562 assurge
1249 3479 1434 3564 triumphis.

617 3580 721 3645 laetus
743 3588 775 3645 et
796 3579 941 3645 infractis
963 3580 1064 3646 victor
1085 3579 1126 3646 da
1149 3580 1220 3646 iura
1241 3582 1398 3664 tprannis.

615 3683 725 3748 inclita
747 3703 820 3749 nam
844 3691 974 3749 cunctos
996 3684 1123 3748 calcant
1138 3683 1276 3766 vestigia
1300 3704 1411 3767 reges,

615 3785 764 3868 laetaque
786 3787 929 3851 Romano
951 3786 1050 3851 servit
1070 3786 1144 3851 ium·
1158 3806 1297 3870 purpura
1321 3806 1437 3869 regno,

617 3888 676 3952 sub
698 3888 898 3974 pedibusque
920 3889 986 3954 tuis
1008 3887 1111 3955 rictus
1134 3888 1346 3973 prosternitur
1367 3889 1484 3954 bostis.

491 4013 496 4027 ·
617 3998 649 4056 et
670 3998 784 4075 gentes
806 3992 874 4058 fera
897 3990 1002 4058 vincla
1024 3991 1143 4075 ligant,
1169 3989 1315 4075 nodoque
1337 3991 1441 4057 tenaci

616 4100 688 4179 post
708 4102 836 4177 tergum
858 4094 1032 4181 implicitas
1055 4094 1216 4178 stringunt
1236 4094 1413 4161 retinacula
1434 4096 1572 4179 palmas.

618 4217 717 4265 saeva
739 4196 950 4283 superpositis
972 4199 1153 4284 plectuntur
1173 4197 1258 4264 colla
1280 4198 1412 4264 catenis.

618 4423 735 4487 oraque
758 4425 816 4489 per
838 4412 964 4470 centurn
987 4405 1164 4490 producant
1186 4412 1314 4490 pectora
1338 4405 1474 4483 cantus}

618 4525 681 4571 non
703 4506 780 4571 mibi
803 4506 989 4573 sufficerent
1012 4526 1144 4589 sensus,
1170 4528 1235 4572 non
1257 4527 1349 4573 omne
1371 4507 1498 4572 canenti

510 4653 515 4668 .
618 4608 799 4692 ingenium.
826 4609 884 4675 lati
907 4609 1046 4676 volitans
1068 4630 1126 4696 per
1147 4609 1243 4676 deria
1266 4609 1388 4674 mundi.

619 4711 800 4777 summatim
823 4712 882 4777 illa
903 4732 1029 4778 canam.
1076 4713 1209 4779 summis
1232 4713 1312 4778 baec
1334 4711 1483 4777 laudibus
1507 4719 1594 4797 apta.

702 4813 812 4880 Africa
834 4816 894 4881 sub
917 4836 1034 4900 magno
1056 4816 1190 4882 nutabat
1212 4816 1299 4881 fessa
1321 4814 1452 4900 periclo.

618 4937 692 4982 nam
715 4918 784 4983 fera
805 4918 981 4984 barbaricis
1003 4918 1108 4985 rabies
1130 4925 1296 4985 exarserat
1317 4917 1432 4999 amris,

616 5019 759 5097 insidiis,
785 5020 886 5095 terro,
912 5019 1049 5086 flammis
1072 5021 1261 5106 populisque
1284 5021 1439 5105 superbo,

492 5142 522 5181 :so
618 5122 722 5186 omnia
746 5119 944 5187 succendens
966 5121 1110 5207 direptae
1132 5121 1260 5188 moenia
1281 5130 1402 5199 terrae,

618 5224 825 5309 captivosque
848 5224 977 5289 trahens
1000 5225 1123 5290 cunctis
1145 5245 1163 5290 c
1186 5225 1330 5308 partibus
1352 5225 1456 5291 Afros.

409 5384 643 5392 --—-·-----.

301 5468 316 5515 2
335 5472 477 5531 stragesque
494 5467 548 5518 eod.
568 5466 697 5526 Brodentia,
717 5473 811 5526 strages
834 5467 854 5513 Τ
957 5469 972 5514 :t
990 5468 1070 5525 librae
1087 5468 1141 5515 cod.
1162 5468 1227 5517 Bcd.
1333 5475 1359 5516 et
1375 5470 1428 5517 cod.
1451 5469 1527 5529 Buri„
1547 5483 1575 5517 ac
1595 5469 1616 5517 Τ
1717 5467 1813 5518 itutta
1833 5470 1855 5517 Τ

231 5552 416 5601 Senesdesl'
528 5553 554 5605 ll
575 5552 701 5616 pleeasT
814 5551 845 5601 ts
864 5555 951 5601 reiecit
974 5552 994 5599 Τ
1106 5551 1137 5603 ll
1155 5567 1182 5601 aa
1205 5554 1226 5600 Τ
1338 5552 1370 5601 ts
1387 5559 1414 5602 et
1432 5554 1577 5603 piractio?
1683 5552 1711 5602 li
1732 5558 1813 5604 neatis
1834 5556 1855 5602 Τ

234 5637 345 5686 'li—23
369 5638 459 5696 fotium
480 5639 615 5688 seeundum
637 5637 725 5686 codicis
750 5639 771 5685 Τ
794 5637 923 5687 intercidit.
961 5643 1087 5699 perierunt
1109 5652 1193 5688 certus
1215 5641 1274 5700 plus
1296 5641 1379 5688 misera
1395 5641 1430 5687 dt>
1535 5640 1568 5688 26
1594 5642 1655 5688 baec
1676 5640 1705 5697 Τ,
1729 5649 1756 5689 et
1775 5640 1853 5690 tiaza.

233 5723 265 5773 23
286 5725 444 5771 sarsurus
547 5723 580 5773 eo
598 5724 729 5773 erretur
1665 5716 1669 5723 '

1612 5826 1647 5876 1*
