<?xml version="1.0" encoding="UTF-8"?>
<!DOCTYPE html PUBLIC "-//W3C//DTD XHTML 1.0 Transitional//EN"
    "http://www.w3.org/TR/xhtml1/DTD/xhtml1-transitional.dtd">
<html xmlns="http://www.w3.org/1999/xhtml" xml:lang="en" lang="en">
 <head>
  <title>
</title>
<meta http-equiv="Content-Type" content="text/html;charset=utf-8" />
  <meta name='ocr-system' content='tesseract 3.04.00' />
  <meta name='ocr-capabilities' content='ocr_page ocr_carea ocr_par ocr_line ocrx_word'/>
</head>
<body>
  <div class='ocr_page' id='page_1' title='image "./victorisvitensi00victgoog_0139.png"; bbox 0 0 4440 6276; ppageno 0'>
   <div class='ocr_carea' id='block_1_1' title="bbox 0 491 3 1276">
    <p class='ocr_par' dir='ltr' id='par_1_1' title="bbox 0 491 3 1276">
     <span class='ocr_line' id='line_1_1' title="bbox 0 491 3 1276; baseline 0 0"><span class='ocrx_word' id='word_1_1' title='bbox 0 491 3 1276; x_wconf 95' lang='lat' dir='ltr'> </span> 
     </span>
    </p>
   </div>
   <div class='ocr_carea' id='block_1_2' title="bbox 438 418 1368 484">
    <p class='ocr_par' dir='ltr' id='par_1_2' title="bbox 438 418 1368 484">
     <span class='ocr_line' id='line_1_2' title="bbox 438 418 1368 484; baseline -0.011 0"><span class='ocrx_word' id='word_1_2' title='bbox 438 418 567 484; x_wconf 83' lang='lat' dir='ltr'>XXXII</span> <span class='ocrx_word' id='word_1_3' title='bbox 1139 421 1368 477; x_wconf 76' lang='lat' dir='ltr'>Pssoosrssvu.</span> 
     </span>
    </p>
   </div>
   <div class='ocr_carea' id='block_1_3' title="bbox 432 642 2126 3114">
    <p class='ocr_par' dir='ltr' id='par_1_3' title="bbox 433 642 2126 2158">
     <span class='ocr_line' id='line_1_3' title="bbox 438 642 2067 730; baseline 0.003 -24"><span class='ocrx_word' id='word_1_4' title='bbox 438 642 614 726; x_wconf 82' lang='lat' dir='ltr'>Byzantios</span> <span class='ocrx_word' id='word_1_5' title='bbox 637 642 799 724; x_wconf 89' lang='lat' dir='ltr'>ingressos</span> <span class='ocrx_word' id='word_1_6' title='bbox 822 661 912 722; x_wconf 77' lang='lat' dir='ltr'>esse.</span> <span class='ocrx_word' id='word_1_7' title='bbox 938 643 994 724; x_wconf 91' lang='lat' dir='ltr'>qui</span> <span class='ocrx_word' id='word_1_8' title='bbox 1016 643 1204 725; x_wconf 75' lang='lat' dir='ltr'>Byzacenae</span> <span class='ocrx_word' id='word_1_9' title='bbox 1228 650 1259 708; x_wconf 87' lang='lat' dir='ltr'>et</span> <span class='ocrx_word' id='word_1_10' title='bbox 1280 643 1500 728; x_wconf 76' lang='lat' dir='ltr'>Tripolitanae</span> <span class='ocrx_word' id='word_1_11' title='bbox 1523 644 1704 727; x_wconf 91' lang='lat' dir='ltr'>provinciae</span> <span class='ocrx_word' id='word_1_12' title='bbox 1726 643 1810 709; x_wconf 89' lang='lat' dir='ltr'>inter</span> <span class='ocrx_word' id='word_1_13' title='bbox 1831 644 1911 711; x_wconf 87' lang='lat' dir='ltr'>fines</span> <span class='ocrx_word' id='word_1_14' title='bbox 1934 652 2067 730; x_wconf 86' lang='lat' dir='ltr'>septen-</span> 
     </span>
     <span class='ocr_line' id='line_1_4' title="bbox 435 761 2065 848; baseline 0.001 -20"><span class='ocrx_word' id='word_1_15' title='bbox 435 761 569 828; x_wconf 84' lang='lat' dir='ltr'><strong>trionem</strong></span> <span class='ocrx_word' id='word_1_16' title='bbox 600 780 712 827; x_wconf 85' lang='lat' dir='ltr'>versus</span> <span class='ocrx_word' id='word_1_17' title='bbox 741 761 926 844; x_wconf 80' lang='lat' dir='ltr'>longissime</span> <span class='ocrx_word' id='word_1_18' title='bbox 955 781 1143 845; x_wconf 77' lang='lat' dir='ltr'><strong>procurrens</strong></span> <span class='ocrx_word' id='word_1_19' title='bbox 1166 762 1269 845; x_wconf 78' lang='lat' dir='ltr'>Syrtis</span> <span class='ocrx_word' id='word_1_20' title='bbox 1299 763 1429 827; x_wconf 90' lang='lat' dir='ltr'>minoris</span> <span class='ocrx_word' id='word_1_21' title='bbox 1458 782 1620 828; x_wconf 82' lang='lat' dir='ltr'>recessum</span> <span class='ocrx_word' id='word_1_22' title='bbox 1651 782 1750 847; x_wconf 89' lang='lat' dir='ltr'>prope</span> <span class='ocrx_word' id='word_1_23' title='bbox 1772 763 1910 847; x_wconf 89' lang='lat' dir='ltr'>attingit.</span> <span class='ocrx_word' id='word_1_24' title='bbox 1958 766 2065 848; x_wconf 81' lang='lat' dir='ltr'>Atque</span> 
     </span>
     <span class='ocr_line' id='line_1_5' title="bbox 436 879 2065 967; baseline 0.002 -21"><span class='ocrx_word' id='word_1_25' title='bbox 436 880 532 946; x_wconf 89' lang='lat' dir='ltr'>huius</span> <span class='ocrx_word' id='word_1_26' title='bbox 555 880 695 964; x_wconf 81' lang='lat' dir='ltr'>regionis</span> <span class='ocrx_word' id='word_1_27' title='bbox 717 879 847 944; x_wconf 88' lang='lat' dir='ltr'>harenis</span> <span class='ocrx_word' id='word_1_28' title='bbox 869 879 1019 944; x_wconf 90' lang='lat' dir='ltr'>mollibus</span> <span class='ocrx_word' id='word_1_29' title='bbox 1042 888 1171 965; x_wconf 90' lang='lat' dir='ltr'>opertae</span> <span class='ocrx_word' id='word_1_30' title='bbox 1195 888 1342 947; x_wconf 89' lang='lat' dir='ltr'>naturam</span> <span class='ocrx_word' id='word_1_31' title='bbox 1364 882 1446 947; x_wconf 90' lang='lat' dir='ltr'>bene</span> <span class='ocrx_word' id='word_1_32' title='bbox 1469 881 1625 967; x_wconf 86' lang='lat' dir='ltr'>Oorippus</span> <span class='ocrx_word' id='word_1_33' title='bbox 1648 882 1843 948; x_wconf 87' lang='lat' dir='ltr'>lohannidos</span> <span class='ocrx_word' id='word_1_34' title='bbox 1869 883 1951 949; x_wconf 91' lang='lat' dir='ltr'>libro</span> <span class='ocrx_word' id='word_1_35' title='bbox 1973 891 2065 949; x_wconf 84' lang='lat' dir='ltr'>sexto</span> 
     </span>
     <span class='ocr_line' id='line_1_6' title="bbox 436 998 2065 1085; baseline 0.002 -20"><span class='ocrx_word' id='word_1_36' title='bbox 436 999 590 1084; x_wconf 87' lang='lat' dir='ltr'>depinxit.</span> <span class='ocrx_word' id='word_1_37' title='bbox 638 999 728 1078; x_wconf 82' lang='lat' dir='ltr'>Quae</span> <span class='ocrx_word' id='word_1_38' title='bbox 758 998 929 1082; x_wconf 83' lang='lat' dir='ltr'>descriptio</span> <span class='ocrx_word' id='word_1_39' title='bbox 952 999 1110 1084; x_wconf 85' lang='lat' dir='ltr'>Oorippea</span> <span class='ocrx_word' id='word_1_40' title='bbox 1138 1001 1172 1065; x_wconf 96' lang='lat' dir='ltr'>in</span> <span class='ocrx_word' id='word_1_41' title='bbox 1201 1001 1323 1065; x_wconf 89' lang='lat' dir='ltr'>nullam</span> <span class='ocrx_word' id='word_1_42' title='bbox 1354 1000 1452 1065; x_wconf 90' lang='lat' dir='ltr'>aliam</span> <span class='ocrx_word' id='word_1_43' title='bbox 1480 1008 1603 1084; x_wconf 90' lang='lat' dir='ltr'>partem</span> <span class='ocrx_word' id='word_1_44' title='bbox 1631 999 1845 1085; x_wconf 86' lang='lat' dir='ltr'>desertorum,</span> <span class='ocrx_word' id='word_1_45' title='bbox 1877 1021 1960 1084; x_wconf 88' lang='lat' dir='ltr'>quae</span> <span class='ocrx_word' id='word_1_46' title='bbox 1983 1001 2065 1068; x_wconf 89' lang='lat' dir='ltr'>mari</span> 
     </span>
     <span class='ocr_line' id='line_1_7' title="bbox 436 1110 2126 1205; baseline 0.002 -21"><span class='ocrx_word' id='word_1_47' title='bbox 436 1119 560 1203; x_wconf 71' lang='lat' dir='ltr'>Sprtioo</span> <span class='ocrx_word' id='word_1_48' title='bbox 582 1119 689 1184; x_wconf 87' lang='lat' dir='ltr'>vicina</span> <span class='ocrx_word' id='word_1_49' title='bbox 711 1125 800 1193; x_wconf 85' lang='lat' dir='ltr'>sunt,</span> <span class='ocrx_word' id='word_1_50' title='bbox 831 1116 978 1198; x_wconf 88' lang='lat' dir='ltr'>quadrat.</span> <span class='ocrx_word' id='word_1_51' title='bbox 1025 1118 1160 1184; x_wconf 86' lang='lat' dir='ltr'>Deserta</span> <span class='ocrx_word' id='word_1_52' title='bbox 1183 1118 1268 1184; x_wconf 91' lang='lat' dir='ltr'>enim</span> <span class='ocrx_word' id='word_1_53' title='bbox 1291 1120 1511 1204; x_wconf 78' lang='lat' dir='ltr'>Tripolitanae</span> <span class='ocrx_word' id='word_1_54' title='bbox 1533 1120 1717 1205; x_wconf 87' lang='lat' dir='ltr'>provinciae</span> <span class='ocrx_word' id='word_1_55' title='bbox 1741 1121 1979 1204; x_wconf 84' lang='lat' dir='ltr'>superiacentia</span> <span class='ocrx_word' id='word_1_56' title='bbox 2000 1142 2064 1188; x_wconf 93' lang='lat' dir='ltr'>non</span> <span class='ocrx_word' id='word_1_57' title='bbox 2120 1110 2126 1119; x_wconf 76' lang='grc'><strong>’</strong></span> 
     </span>
     <span class='ocr_line' id='line_1_8' title="bbox 435 1237 2064 1323; baseline 0.003 -20"><span class='ocrx_word' id='word_1_58' title='bbox 435 1238 612 1319; x_wconf 88' lang='lat' dir='ltr'>harenosa,</span> <span class='ocrx_word' id='word_1_59' title='bbox 637 1238 696 1303; x_wconf 92' lang='lat' dir='ltr'>sed</span> <span class='ocrx_word' id='word_1_60' title='bbox 718 1257 835 1304; x_wconf 83' lang='lat' dir='ltr'>saxosa</span> <span class='ocrx_word' id='word_1_61' title='bbox 858 1244 933 1301; x_wconf 88' lang='lat' dir='ltr'>sunt</span> <span class='ocrx_word' id='word_1_62' title='bbox 959 1237 1180 1321; x_wconf 79' lang='lat' dir='ltr'>(Hammada),</span> <span class='ocrx_word' id='word_1_63' title='bbox 1214 1246 1343 1321; x_wconf 88' lang='lat' dir='ltr'>tamque</span> <span class='ocrx_word' id='word_1_64' title='bbox 1365 1239 1431 1304; x_wconf 88' lang='lat' dir='ltr'>alte</span> <span class='ocrx_word' id='word_1_65' title='bbox 1455 1259 1551 1323; x_wconf 89' lang='lat' dir='ltr'>supra</span> <span class='ocrx_word' id='word_1_66' title='bbox 1573 1239 1741 1322; x_wconf 94' lang='lat' dir='ltr'>planitiem</span> <span class='ocrx_word' id='word_1_67' title='bbox 1764 1241 1882 1306; x_wconf 85' lang='lat' dir='ltr'>cultam</span> <span class='ocrx_word' id='word_1_68' title='bbox 1904 1241 2064 1308; x_wconf 82' lang='lat' dir='ltr'>litoralenr</span> 
     </span>
     <span class='ocr_line' id='line_1_9' title="bbox 435 1356 2063 1444; baseline 0.001 -20"><span class='ocrx_word' id='word_1_69' title='bbox 435 1359 586 1441; x_wconf 83' lang='lat' dir='ltr'>eminent,</span> <span class='ocrx_word' id='word_1_70' title='bbox 613 1366 648 1424; x_wconf 94' lang='lat' dir='ltr'>ut</span> <span class='ocrx_word' id='word_1_71' title='bbox 669 1376 839 1423; x_wconf 90' lang='lat' dir='ltr'>ascensum</span> <span class='ocrx_word' id='word_1_72' title='bbox 862 1357 1016 1421; x_wconf 87' lang='lat' dir='ltr'>exercitui</span> <span class='ocrx_word' id='word_1_73' title='bbox 1038 1356 1202 1423; x_wconf 87' lang='lat' dir='ltr'>difficilem</span> <span class='ocrx_word' id='word_1_74' title='bbox 1225 1365 1320 1442; x_wconf 69' lang='lat' dir='ltr'>polita</span> <span class='ocrx_word' id='word_1_75' title='bbox 1343 1358 1471 1423; x_wconf 88' lang='lat' dir='ltr'>silentio</span> <span class='ocrx_word' id='word_1_76' title='bbox 1492 1358 1629 1424; x_wconf 90' lang='lat' dir='ltr'>transire</span> <span class='ocrx_word' id='word_1_77' title='bbox 1652 1379 1715 1425; x_wconf 93' lang='lat' dir='ltr'>non</span> <span class='ocrx_word' id='word_1_78' title='bbox 1737 1358 1903 1444; x_wconf 90' lang='lat' dir='ltr'>potuisset,</span> <span class='ocrx_word' id='word_1_79' title='bbox 1929 1359 1957 1424; x_wconf 92' lang='lat' dir='ltr'>si</span> <span class='ocrx_word' id='word_1_80' title='bbox 1979 1359 2063 1426; x_wconf 90' lang='lat' dir='ltr'>huno</span> 
     </span>
     <span class='ocr_line' id='line_1_10' title="bbox 434 1477 2067 1563; baseline 0.001 -21"><span class='ocrx_word' id='word_1_81' title='bbox 434 1478 469 1542; x_wconf 91' lang='lat' dir='ltr'>in</span> <span class='ocrx_word' id='word_1_82' title='bbox 491 1478 652 1561; x_wconf 82' lang='lat' dir='ltr'>regionem</span> <span class='ocrx_word' id='word_1_83' title='bbox 675 1477 836 1543; x_wconf 88' lang='lat' dir='ltr'>Iohannes</span> <span class='ocrx_word' id='word_1_84' title='bbox 857 1495 1048 1558; x_wconf 87' lang='lat' dir='ltr'>progressus</span> <span class='ocrx_word' id='word_1_85' title='bbox 1070 1485 1165 1543; x_wconf 90' lang='lat' dir='ltr'>esset.</span> <span class='ocrx_word' id='word_1_86' title='bbox 1206 1477 1276 1556; x_wconf 82' lang='lat' dir='ltr'>Quo</span> <span class='ocrx_word' id='word_1_87' title='bbox 1298 1496 1399 1559; x_wconf 90' lang='lat' dir='ltr'>usque</span> <span class='ocrx_word' id='word_1_88' title='bbox 1422 1477 1589 1543; x_wconf 85' lang='lat' dir='ltr'>meridiem</span> <span class='ocrx_word' id='word_1_89' title='bbox 1612 1497 1724 1545; x_wconf 89' lang='lat' dir='ltr'>versus</span> <span class='ocrx_word' id='word_1_90' title='bbox 1745 1479 1780 1543; x_wconf 88' lang='lat' dir='ltr'>in</span> <span class='ocrx_word' id='word_1_91' title='bbox 1801 1479 1930 1545; x_wconf 88' lang='lat' dir='ltr'>deserta</span> <span class='ocrx_word' id='word_1_92' title='bbox 1951 1480 1982 1544; x_wconf 92' lang='lat' dir='ltr'>el</span> <span class='ocrx_word' id='word_1_93' title='bbox 1996 1479 2067 1563; x_wconf 81' lang='lat' dir='ltr'>llrg</span> 
     </span>
     <span class='ocr_line' id='line_1_11' title="bbox 436 1595 2062 1682; baseline 0.001 -19"><span class='ocrx_word' id='word_1_94' title='bbox 436 1598 584 1682; x_wconf 82' lang='lat' dir='ltr'>Byzantii</span> <span class='ocrx_word' id='word_1_95' title='bbox 607 1595 853 1682; x_wconf 77' lang='lat' dir='ltr'>penetraverint,</span> <span class='ocrx_word' id='word_1_96' title='bbox 879 1595 1080 1678; x_wconf 88' lang='lat' dir='ltr'>ignoramus,</span> <span class='ocrx_word' id='word_1_97' title='bbox 1110 1596 1261 1679; x_wconf 85' lang='lat' dir='ltr'>quoniam</span> <span class='ocrx_word' id='word_1_98' title='bbox 1282 1616 1386 1678; x_wconf 91' lang='lat' dir='ltr'>neque</span> <span class='ocrx_word' id='word_1_99' title='bbox 1408 1596 1533 1662; x_wconf 93' lang='lat' dir='ltr'>itineris</span> <span class='ocrx_word' id='word_1_100' title='bbox 1555 1597 1788 1680; x_wconf 87' lang='lat' dir='ltr'>longitudinem</span> <span class='ocrx_word' id='word_1_101' title='bbox 1809 1617 1914 1681; x_wconf 90' lang='lat' dir='ltr'>neque</span> <span class='ocrx_word' id='word_1_102' title='bbox 1938 1598 2062 1664; x_wconf 89' lang='lat' dir='ltr'>dierum</span> 
     </span>
     <span class='ocr_line' id='line_1_12' title="bbox 434 1712 2061 1801; baseline 0.001 -20"><span class='ocrx_word' id='word_1_103' title='bbox 434 1737 602 1782; x_wconf 89' lang='lat' dir='ltr'>numerum</span> <span class='ocrx_word' id='word_1_104' title='bbox 625 1724 718 1801; x_wconf 74' lang='lat' dir='ltr'>poeta</span> <span class='ocrx_word' id='word_1_105' title='bbox 741 1713 870 1779; x_wconf 89' lang='lat' dir='ltr'>indicat.</span> <span class='ocrx_word' id='word_1_106' title='bbox 906 1712 1031 1779; x_wconf 84' lang='lat' dir='ltr'>Certius</span> <span class='ocrx_word' id='word_1_107' title='bbox 1053 1717 1153 1781; x_wconf 91' lang='lat' dir='ltr'>multo</span> <span class='ocrx_word' id='word_1_108' title='bbox 1175 1716 1216 1781; x_wconf 92' lang='lat' dir='ltr'>de</span> <span class='ocrx_word' id='word_1_109' title='bbox 1240 1717 1303 1783; x_wconf 89' lang='lat' dir='ltr'>situ</span> <span class='ocrx_word' id='word_1_110' title='bbox 1325 1716 1475 1796; x_wconf 89' lang='lat' dir='ltr'>looomm,</span> <span class='ocrx_word' id='word_1_111' title='bbox 1501 1716 1617 1798; x_wconf 87' lang='lat' dir='ltr'>quibus</span> <span class='ocrx_word' id='word_1_112' title='bbox 1640 1717 1799 1782; x_wconf 87' lang='lat' dir='ltr'>exercitus</span> <span class='ocrx_word' id='word_1_113' title='bbox 1822 1717 1950 1784; x_wconf 89' lang='lat' dir='ltr'>rediens</span> <span class='ocrx_word' id='word_1_114' title='bbox 1973 1737 2061 1783; x_wconf 90' lang='lat' dir='ltr'>oram</span> 
     </span>
     <span class='ocr_line' id='line_1_13' title="bbox 435 1830 2058 1919; baseline 0.001 -19"><span class='ocrx_word' id='word_1_115' title='bbox 435 1836 627 1903; x_wconf 84' lang='lat' dir='ltr'>maritimam</span> <span class='ocrx_word' id='word_1_116' title='bbox 649 1836 803 1919; x_wconf 85' lang='lat' dir='ltr'>attigerit,</span> <span class='ocrx_word' id='word_1_117' title='bbox 829 1830 981 1898; x_wconf 91' lang='lat' dir='ltr'>iudicium</span> <span class='ocrx_word' id='word_1_118' title='bbox 1003 1834 1086 1900; x_wconf 86' lang='lat' dir='ltr'>ferre</span> <span class='ocrx_word' id='word_1_119' title='bbox 1109 1834 1193 1901; x_wconf 90' lang='lat' dir='ltr'>licet.</span> <span class='ocrx_word' id='word_1_120' title='bbox 1234 1835 1394 1900; x_wconf 91' lang='lat' dir='ltr'>Iohannes</span> <span class='ocrx_word' id='word_1_121' title='bbox 1417 1835 1502 1900; x_wconf 92' lang='lat' dir='ltr'>enirn</span> <span class='ocrx_word' id='word_1_122' title='bbox 1525 1835 1580 1900; x_wconf 93' lang='lat' dir='ltr'>ubi</span> <span class='ocrx_word' id='word_1_123' title='bbox 1598 1836 1735 1919; x_wconf 91' lang='lat' dir='ltr'>primum</span> <span class='ocrx_word' id='word_1_124' title='bbox 1750 1835 1792 1901; x_wconf 89' lang='lat' dir='ltr'>ad</span> <span class='ocrx_word' id='word_1_125' title='bbox 1808 1836 1902 1903; x_wconf 90' lang='lat' dir='ltr'>litora</span> <span class='ocrx_word' id='word_1_126' title='bbox 1916 1835 2058 1919; x_wconf 89' lang='lat' dir='ltr'>devenit,</span> 
     </span>
     <span class='ocr_line' id='line_1_14' title="bbox 435 1953 2063 2040; baseline 0.001 -20"><span class='ocrx_word' id='word_1_127' title='bbox 435 1957 548 2022; x_wconf 90' lang='lat' dir='ltr'>castris</span> <span class='ocrx_word' id='word_1_128' title='bbox 576 1956 666 2020; x_wconf 84' lang='lat' dir='ltr'>iuxta</span> <span class='ocrx_word' id='word_1_129' title='bbox 694 1955 812 2020; x_wconf 85' lang='lat' dir='ltr'>flumen</span> <span class='ocrx_word' id='word_1_130' title='bbox 834 1958 995 2040; x_wconf 90' lang='lat' dir='ltr'>quoddam</span> <span class='ocrx_word' id='word_1_131' title='bbox 1017 1953 1130 2037; x_wconf 90' lang='lat' dir='ltr'>positis</span> <span class='ocrx_word' id='word_1_132' title='bbox 1153 1954 1282 2038; x_wconf 91' lang='lat' dir='ltr'>oppidis</span> <span class='ocrx_word' id='word_1_133' title='bbox 1304 1955 1470 2019; x_wconf 91' lang='lat' dir='ltr'>maritimis</span> <span class='ocrx_word' id='word_1_134' title='bbox 1493 1953 1688 2020; x_wconf 78' lang='lat' dir='ltr'>frumentum</span> <span class='ocrx_word' id='word_1_135' title='bbox 1709 1955 1862 2040; x_wconf 88' lang='lat' dir='ltr'>imperat,</span> <span class='ocrx_word' id='word_1_136' title='bbox 1895 1956 1980 2038; x_wconf 93' lang='lat' dir='ltr'>quod</span> <span class='ocrx_word' id='word_1_137' title='bbox 2001 1977 2063 2021; x_wconf 85' lang='lat' dir='ltr'>na·</span> 
     </span>
     <span class='ocr_line' id='line_1_15' title="bbox 433 2073 1838 2158; baseline -0.001 -19"><span class='ocrx_word' id='word_1_138' title='bbox 433 2076 527 2141; x_wconf 89' lang='lat' dir='ltr'>vibus</span> <span class='ocrx_word' id='word_1_139' title='bbox 549 2076 582 2139; x_wconf 93' lang='lat' dir='ltr'>in</span> <span class='ocrx_word' id='word_1_140' title='bbox 605 2082 710 2141; x_wconf 90' lang='lat' dir='ltr'>castra</span> <span class='ocrx_word' id='word_1_141' title='bbox 733 2075 921 2142; x_wconf 81' lang='lat' dir='ltr'>advehatur.</span> <span class='ocrx_word' id='word_1_142' title='bbox 968 2073 1034 2141; x_wconf 84' lang='lat' dir='ltr'>Sed</span> <span class='ocrx_word' id='word_1_143' title='bbox 1056 2074 1160 2139; x_wconf 88' lang='lat' dir='ltr'>ventis</span> <span class='ocrx_word' id='word_1_144' title='bbox 1183 2074 1329 2140; x_wconf 87' lang='lat' dir='ltr'>adversis</span> <span class='ocrx_word' id='word_1_145' title='bbox 1350 2094 1451 2139; x_wconf 91' lang='lat' dir='ltr'>naves</span> <span class='ocrx_word' id='word_1_146' title='bbox 1475 2074 1624 2158; x_wconf 87' lang='lat' dir='ltr'>repulsae</span> <span class='ocrx_word' id='word_1_147' title='bbox 1647 2074 1838 2140; x_wconf 91' lang='lat' dir='ltr'>detinentur.</span> 
     </span>
    </p>

    <p class='ocr_par' dir='ltr' id='par_1_4' title="bbox 434 2209 1611 2292">
     <span class='ocr_line' id='line_1_16' title="bbox 434 2209 1611 2292; baseline -0.003 -15"><span class='ocrx_word' id='word_1_148' title='bbox 434 2214 502 2278; x_wconf 91' lang='lat' dir='ltr'>loh.</span> <span class='ocrx_word' id='word_1_149' title='bbox 529 2213 572 2277; x_wconf 90' lang='lat' dir='ltr'>VI</span> <span class='ocrx_word' id='word_1_150' title='bbox 596 2214 655 2276; x_wconf 73' lang='lat' dir='ltr'>ast</span> <span class='ocrx_word' id='word_1_151' title='bbox 790 2213 944 2279; x_wconf 89' lang='lat' dir='ltr'>adversos</span> <span class='ocrx_word' id='word_1_152' title='bbox 967 2212 1108 2277; x_wconf 87' lang='lat' dir='ltr'>habuere</span> <span class='ocrx_word' id='word_1_153' title='bbox 1131 2211 1242 2275; x_wconf 91' lang='lat' dir='ltr'>Notos.</span> <span class='ocrx_word' id='word_1_154' title='bbox 1290 2209 1355 2274; x_wconf 88' lang='lat' dir='ltr'>fors</span> <span class='ocrx_word' id='word_1_155' title='bbox 1378 2209 1458 2275; x_wconf 89' lang='lat' dir='ltr'>dura</span> <span class='ocrx_word' id='word_1_156' title='bbox 1480 2211 1611 2292; x_wconf 90' lang='lat' dir='ltr'>negavit</span> 
     </span>
    </p>

    <p class='ocr_par' dir='ltr' id='par_1_5' title="bbox 792 2312 1641 2501">
     <span class='ocr_line' id='line_1_17' title="bbox 792 2312 1641 2401; baseline -0.005 -20"><span class='ocrx_word' id='word_1_157' title='bbox 792 2316 954 2401; x_wconf 89' lang='lat' dir='ltr'>puppibus</span> <span class='ocrx_word' id='word_1_158' title='bbox 977 2333 1152 2397; x_wconf 90' lang='lat' dir='ltr'>aequoreas</span> <span class='ocrx_word' id='word_1_159' title='bbox 1175 2313 1258 2379; x_wconf 90' lang='lat' dir='ltr'>velis</span> <span class='ocrx_word' id='word_1_160' title='bbox 1280 2312 1416 2379; x_wconf 89' lang='lat' dir='ltr'>transire</span> <span class='ocrx_word' id='word_1_161' title='bbox 1439 2332 1496 2396; x_wconf 88' lang='lat' dir='ltr'>per</span> <span class='ocrx_word' id='word_1_162' title='bbox 1519 2312 1641 2378; x_wconf 91' lang='lat' dir='ltr'>undas:</span> 
     </span>
     <span class='ocr_line' id='line_1_18' title="bbox 794 2415 1114 2501; baseline -0.003 -21"><span class='ocrx_word' id='word_1_163' title='bbox 794 2418 940 2501; x_wconf 90' lang='lat' dir='ltr'>proxima</span> <span class='ocrx_word' id='word_1_164' title='bbox 963 2415 1114 2481; x_wconf 90' lang='lat' dir='ltr'>seiunxit.</span> 
     </span>
    </p>

    <p class='ocr_par' dir='ltr' id='par_1_6' title="bbox 432 2535 2062 3114">
     <span class='ocr_line' id='line_1_19' title="bbox 432 2535 2061 2637; baseline 0.002 -19"><span class='ocrx_word' id='word_1_165' title='bbox 432 2555 491 2619; x_wconf 88' lang='lat' dir='ltr'>llis</span> <span class='ocrx_word' id='word_1_166' title='bbox 507 2574 524 2619; x_wconf 90' lang='lat' dir='ltr'>e</span> <span class='ocrx_word' id='word_1_167' title='bbox 541 2553 687 2619; x_wconf 91' lang='lat' dir='ltr'>versibus</span> <span class='ocrx_word' id='word_1_168' title='bbox 710 2553 823 2633; x_wconf 91' lang='lat' dir='ltr'>elucet,</span> <span class='ocrx_word' id='word_1_169' title='bbox 850 2552 925 2619; x_wconf 92' lang='lat' dir='ltr'>inde</span> <span class='ocrx_word' id='word_1_170' title='bbox 941 2574 961 2618; x_wconf 92' lang='lat' dir='ltr'>a</span> <span class='ocrx_word' id='word_1_171' title='bbox 976 2551 1129 2617; x_wconf 91' lang='lat' dir='ltr'>Iohannis</span> <span class='ocrx_word' id='word_1_172' title='bbox 1152 2552 1265 2615; x_wconf 87' lang='lat' dir='ltr'>castris</span> <span class='ocrx_word' id='word_1_173' title='bbox 1287 2570 1375 2615; x_wconf 90' lang='lat' dir='ltr'>oram</span> <span class='ocrx_word' id='word_1_174' title='bbox 1398 2550 1599 2632; x_wconf 89' lang='lat' dir='ltr'>maritimam,</span> <span class='ocrx_word' id='word_1_175' title='bbox 1627 2550 1676 2614; x_wconf 91' lang='lat' dir='ltr'>oui</span> <span class='ocrx_word' id='word_1_176' title='bbox 1693 2550 1788 2615; x_wconf 87' lang='lat' dir='ltr'>urbes</span> <span class='ocrx_word' id='word_1_177' title='bbox 1804 2551 1881 2617; x_wconf 89' lang='lat' dir='ltr'>illae</span> <span class='ocrx_word' id='word_1_178' title='bbox 1895 2535 2061 2637; x_wconf 84' lang='lat' dir='ltr'>proximae</span> 
     </span>
     <span class='ocr_line' id='line_1_20' title="bbox 432 2669 2060 2758; baseline 0.001 -20"><span class='ocrx_word' id='word_1_179' title='bbox 432 2674 600 2758; x_wconf 89' lang='lat' dir='ltr'>impositae</span> <span class='ocrx_word' id='word_1_180' title='bbox 624 2680 747 2753; x_wconf 82' lang='lat' dir='ltr'>essent,</span> <span class='ocrx_word' id='word_1_181' title='bbox 775 2672 1023 2756; x_wconf 88' lang='lat' dir='ltr'>septentrionem</span> <span class='ocrx_word' id='word_1_182' title='bbox 1045 2690 1156 2735; x_wconf 88' lang='lat' dir='ltr'>versus</span> <span class='ocrx_word' id='word_1_183' title='bbox 1180 2690 1214 2735; x_wconf 90' lang='lat' dir='ltr'>se</span> <span class='ocrx_word' id='word_1_184' title='bbox 1237 2669 1440 2751; x_wconf 85' lang='lat' dir='ltr'>extendisse,</span> <span class='ocrx_word' id='word_1_185' title='bbox 1471 2676 1576 2735; x_wconf 89' lang='lat' dir='ltr'>castra</span> <span class='ocrx_word' id='word_1_186' title='bbox 1597 2669 1696 2752; x_wconf 90' lang='lat' dir='ltr'>igitur</span> <span class='ocrx_word' id='word_1_187' title='bbox 1718 2690 1780 2734; x_wconf 92' lang='lat' dir='ltr'>nou</span> <span class='ocrx_word' id='word_1_188' title='bbox 1803 2671 1906 2754; x_wconf 83' lang='lat' dir='ltr'>Syrtis</span> <span class='ocrx_word' id='word_1_189' title='bbox 1930 2673 2060 2740; x_wconf 90' lang='lat' dir='ltr'>maioris</span> 
     </span>
     <span class='ocr_line' id='line_1_21' title="bbox 433 2789 2060 2878; baseline 0.001 -20"><span class='ocrx_word' id='word_1_190' title='bbox 433 2794 467 2858; x_wconf 91' lang='lat' dir='ltr'>in</span> <span class='ocrx_word' id='word_1_191' title='bbox 489 2793 552 2857; x_wconf 90' lang='lat' dir='ltr'>oris</span> <span class='ocrx_word' id='word_1_192' title='bbox 575 2792 679 2878; x_wconf 87' lang='lat' dir='ltr'>posita</span> <span class='ocrx_word' id='word_1_193' title='bbox 701 2791 813 2870; x_wconf 86' lang='lat' dir='ltr'>fnisse,</span> <span class='ocrx_word' id='word_1_194' title='bbox 839 2811 922 2873; x_wconf 87' lang='lat' dir='ltr'>quae</span> <span class='ocrx_word' id='word_1_195' title='bbox 944 2792 985 2855; x_wconf 89' lang='lat' dir='ltr'>ab</span> <span class='ocrx_word' id='word_1_196' title='bbox 1008 2789 1128 2855; x_wconf 90' lang='lat' dir='ltr'>oriente</span> <span class='ocrx_word' id='word_1_197' title='bbox 1152 2790 1219 2855; x_wconf 91' lang='lat' dir='ltr'>sole</span> <span class='ocrx_word' id='word_1_198' title='bbox 1242 2789 1440 2855; x_wconf 90' lang='lat' dir='ltr'>occidentem</span> <span class='ocrx_word' id='word_1_199' title='bbox 1463 2809 1575 2855; x_wconf 85' lang='lat' dir='ltr'>versus</span> <span class='ocrx_word' id='word_1_200' title='bbox 1599 2789 1738 2855; x_wconf 87' lang='lat' dir='ltr'>directae</span> <span class='ocrx_word' id='word_1_201' title='bbox 1762 2798 1847 2873; x_wconf 93' lang='lat' dir='ltr'>sunt,</span> <span class='ocrx_word' id='word_1_202' title='bbox 1874 2791 1932 2857; x_wconf 90' lang='lat' dir='ltr'>sed</span> <span class='ocrx_word' id='word_1_203' title='bbox 1955 2793 2060 2877; x_wconf 85' lang='lat' dir='ltr'>Syrtis</span> 
     </span>
     <span class='ocr_line' id='line_1_22' title="bbox 432 2907 2062 2995; baseline 0 -17"><span class='ocrx_word' id='word_1_204' title='bbox 432 2913 565 2979; x_wconf 91' lang='lat' dir='ltr'>minoris</span> <span class='ocrx_word' id='word_1_205' title='bbox 587 2913 620 2977; x_wconf 90' lang='lat' dir='ltr'>in</span> <span class='ocrx_word' id='word_1_206' title='bbox 643 2912 724 2987; x_wconf 77' lang='lat' dir='ltr'>sinu.</span> <span class='ocrx_word' id='word_1_207' title='bbox 751 2909 806 2976; x_wconf 92' lang='lat' dir='ltr'>ubi</span> <span class='ocrx_word' id='word_1_208' title='bbox 821 2911 1024 2995; x_wconf 83' lang='lat' dir='ltr'>Byzacenum</span> <span class='ocrx_word' id='word_1_209' title='bbox 1047 2909 1123 2974; x_wconf 92' lang='lat' dir='ltr'>litus</span> <span class='ocrx_word' id='word_1_210' title='bbox 1146 2909 1393 2992; x_wconf 90' lang='lat' dir='ltr'>septentrionem</span> <span class='ocrx_word' id='word_1_211' title='bbox 1416 2916 1524 2993; x_wconf 90' lang='lat' dir='ltr'>petere</span> <span class='ocrx_word' id='word_1_212' title='bbox 1547 2907 1671 2992; x_wconf 89' lang='lat' dir='ltr'>incipit.</span> <span class='ocrx_word' id='word_1_213' title='bbox 1711 2909 1871 2975; x_wconf 77' lang='lat' dir='ltr'>Firmatur</span> <span class='ocrx_word' id='word_1_214' title='bbox 1888 2910 1970 2977; x_wconf 87' lang='lat' dir='ltr'>haec</span> <span class='ocrx_word' id='word_1_215' title='bbox 1985 2931 2062 2978; x_wconf 87' lang='lat' dir='ltr'>oon-</span> 
     </span>
     <span class='ocr_line' id='line_1_23' title="bbox 432 3026 2057 3114; baseline 0 -17"><span class='ocrx_word' id='word_1_216' title='bbox 432 3032 536 3097; x_wconf 89' lang='lat' dir='ltr'>olusio</span> <span class='ocrx_word' id='word_1_217' title='bbox 558 3031 704 3098; x_wconf 89' lang='lat' dir='ltr'>versibus</span> <span class='ocrx_word' id='word_1_218' title='bbox 726 3029 984 3114; x_wconf 90' lang='lat' dir='ltr'>insequentibus,</span> <span class='ocrx_word' id='word_1_219' title='bbox 1019 3029 1152 3111; x_wconf 79' lang='lat' dir='ltr'>quibus,</span> <span class='ocrx_word' id='word_1_220' title='bbox 1185 3028 1275 3093; x_wconf 89' lang='lat' dir='ltr'>cuius</span> <span class='ocrx_word' id='word_1_221' title='bbox 1298 3026 1409 3111; x_wconf 92' lang='lat' dir='ltr'>populi</span> <span class='ocrx_word' id='word_1_222' title='bbox 1431 3028 1464 3092; x_wconf 94' lang='lat' dir='ltr'>in</span> <span class='ocrx_word' id='word_1_223' title='bbox 1486 3027 1603 3094; x_wconf 86' lang='lat' dir='ltr'>finibus</span> <span class='ocrx_word' id='word_1_224' title='bbox 1626 3034 1731 3093; x_wconf 89' lang='lat' dir='ltr'>castra</span> <span class='ocrx_word' id='word_1_225' title='bbox 1752 3028 1906 3096; x_wconf 88' lang='lat' dir='ltr'>Iohannis</span> <span class='ocrx_word' id='word_1_226' title='bbox 1929 3029 2057 3113; x_wconf 84' lang='lat' dir='ltr'>fuerint,</span> 
     </span>
    </p>
   </div>
   <div class='ocr_carea' id='block_1_4' title="bbox 435 3151 616 3218">
    <p class='ocr_par' dir='ltr' id='par_1_7' title="bbox 435 3151 616 3218">
     <span class='ocr_line' id='line_1_24' title="bbox 435 3151 616 3218; baseline -0.022 0"><span class='ocrx_word' id='word_1_227' title='bbox 435 3151 616 3218; x_wconf 89' lang='lat' dir='ltr'>edocemur.</span> 
     </span>
    </p>
   </div>
   <div class='ocr_carea' id='block_1_5' title="bbox 434 3282 2152 4082">
    <p class='ocr_par' dir='ltr' id='par_1_8' title="bbox 795 3282 1510 3366">
     <span class='ocr_line' id='line_1_25' title="bbox 795 3282 1510 3366; baseline -0.006 -16"><span class='ocrx_word' id='word_1_228' title='bbox 795 3285 936 3352; x_wconf 84' lang='lat' dir='ltr'>Astrices</span> <span class='ocrx_word' id='word_1_229' title='bbox 958 3284 1024 3349; x_wconf 90' lang='lat' dir='ltr'>illis</span> <span class='ocrx_word' id='word_1_230' title='bbox 1047 3284 1144 3366; x_wconf 91' lang='lat' dir='ltr'>longo</span> <span class='ocrx_word' id='word_1_231' title='bbox 1165 3284 1231 3347; x_wconf 93' lang='lat' dir='ltr'>iam</span> <span class='ocrx_word' id='word_1_232' title='bbox 1253 3290 1394 3366; x_wconf 88' lang='lat' dir='ltr'>tempore</span> <span class='ocrx_word' id='word_1_233' title='bbox 1417 3282 1510 3346; x_wconf 91' lang='lat' dir='ltr'>terris</span> 
     </span>
    </p>

    <p class='ocr_par' dir='ltr' id='par_1_9' title="bbox 434 3384 2152 4082">
     <span class='ocr_line' id='line_1_26' title="bbox 796 3384 1270 3452; baseline -0.008 0"><span class='ocrx_word' id='word_1_234' title='bbox 796 3387 963 3452; x_wconf 91' lang='lat' dir='ltr'>horrentes</span> <span class='ocrx_word' id='word_1_235' title='bbox 985 3386 1124 3451; x_wconf 86' lang='lat' dir='ltr'>habuere</span> <span class='ocrx_word' id='word_1_236' title='bbox 1147 3384 1270 3450; x_wconf 89' lang='lat' dir='ltr'>domos.</span> 
     </span>
     <span class='ocr_line' id='line_1_27' title="bbox 436 3520 2062 3610; baseline -0.001 -16"><span class='ocrx_word' id='word_1_237' title='bbox 436 3528 498 3607; x_wconf 82' lang='lat' dir='ltr'>Qui</span> <span class='ocrx_word' id='word_1_238' title='bbox 522 3525 664 3591; x_wconf 87' lang='lat' dir='ltr'>Astrioes</span> <span class='ocrx_word' id='word_1_239' title='bbox 686 3523 774 3589; x_wconf 89' lang='lat' dir='ltr'>haud</span> <span class='ocrx_word' id='word_1_240' title='bbox 796 3522 891 3588; x_wconf 90' lang='lat' dir='ltr'>dubie</span> <span class='ocrx_word' id='word_1_241' title='bbox 915 3522 1018 3606; x_wconf 85' lang='lat' dir='ltr'>Syrtis</span> <span class='ocrx_word' id='word_1_242' title='bbox 1040 3520 1170 3585; x_wconf 89' lang='lat' dir='ltr'>minoris</span> <span class='ocrx_word' id='word_1_243' title='bbox 1192 3527 1268 3585; x_wconf 91' lang='lat' dir='ltr'>tuno</span> <span class='ocrx_word' id='word_1_244' title='bbox 1289 3539 1378 3600; x_wconf 91' lang='lat' dir='ltr'>oras,</span> <span class='ocrx_word' id='word_1_245' title='bbox 1411 3520 1537 3602; x_wconf 86' lang='lat' dir='ltr'>quibus¹</span> <span class='ocrx_word' id='word_1_246' title='bbox 1550 3520 1725 3586; x_wconf 89' lang='lat' dir='ltr'>Ptolemaei</span> <span class='ocrx_word' id='word_1_247' title='bbox 1754 3523 1818 3588; x_wconf 89' lang='lat' dir='ltr'>iam</span> <span class='ocrx_word' id='word_1_248' title='bbox 1846 3531 1989 3610; x_wconf 88' lang='lat' dir='ltr'>tempore</span> <span class='ocrx_word' id='word_1_249' title='bbox 2012 3528 2062 3593; x_wconf 89' lang='lat' dir='ltr'>vi-</span> 
     </span>
     <span class='ocr_line' id='line_1_28' title="bbox 437 3638 2061 3731; baseline 0 -18"><span class='ocrx_word' id='word_1_250' title='bbox 437 3647 500 3713; x_wconf 91' lang='lat' dir='ltr'>cini</span> <span class='ocrx_word' id='word_1_251' title='bbox 522 3646 663 3725; x_wconf 90' lang='lat' dir='ltr'>fuerant,</span> <span class='ocrx_word' id='word_1_252' title='bbox 690 3642 881 3708; x_wconf 82' lang='lat' dir='ltr'>incolebant.</span> <span class='ocrx_word' id='word_1_253' title='bbox 928 3643 1042 3724; x_wconf 88' lang='lat' dir='ltr'>Pugna</span> <span class='ocrx_word' id='word_1_254' title='bbox 1064 3640 1165 3722; x_wconf 90' lang='lat' dir='ltr'>enim,</span> <span class='ocrx_word' id='word_1_255' title='bbox 1192 3657 1256 3720; x_wconf 90' lang='lat' dir='ltr'>qua</span> <span class='ocrx_word' id='word_1_256' title='bbox 1278 3658 1386 3703; x_wconf 92' lang='lat' dir='ltr'>eorum</span> <span class='ocrx_word' id='word_1_257' title='bbox 1408 3639 1441 3703; x_wconf 94' lang='lat' dir='ltr'>in</span> <span class='ocrx_word' id='word_1_258' title='bbox 1464 3638 1580 3703; x_wconf 88' lang='lat' dir='ltr'>finibus</span> <span class='ocrx_word' id='word_1_259' title='bbox 1603 3660 1623 3704; x_wconf 92' lang='lat' dir='ltr'>a</span> <span class='ocrx_word' id='word_1_260' title='bbox 1645 3641 1758 3706; x_wconf 87' lang='lat' dir='ltr'>castris</span> <span class='ocrx_word' id='word_1_261' title='bbox 1780 3643 1939 3728; x_wconf 89' lang='lat' dir='ltr'>prioribus</span> <span class='ocrx_word' id='word_1_262' title='bbox 1961 3667 2061 3731; x_wconf 84' lang='lat' dir='ltr'>parvo</span> 
     </span>
     <span class='ocr_line' id='line_1_29' title="bbox 435 3758 2064 3848; baseline -0.002 -16"><span class='ocrx_word' id='word_1_263' title='bbox 435 3767 549 3832; x_wconf 90' lang='lat' dir='ltr'>itinere</span> <span class='ocrx_word' id='word_1_264' title='bbox 574 3764 738 3848; x_wconf 88' lang='lat' dir='ltr'>digressus</span> <span class='ocrx_word' id='word_1_265' title='bbox 749 3765 798 3844; x_wconf 62' lang='lat'>¹⁷³)</span> <span class='ocrx_word' id='word_1_266' title='bbox 825 3760 984 3826; x_wconf 89' lang='lat' dir='ltr'>Iohannes</span> <span class='ocrx_word' id='word_1_267' title='bbox 1007 3779 1027 3824; x_wconf 90' lang='lat' dir='ltr'>a</span> <span class='ocrx_word' id='word_1_268' title='bbox 1049 3758 1170 3825; x_wconf 89' lang='lat' dir='ltr'>Mauris</span> <span class='ocrx_word' id='word_1_269' title='bbox 1193 3758 1296 3823; x_wconf 87' lang='lat' dir='ltr'>victus</span> <span class='ocrx_word' id='word_1_270' title='bbox 1318 3764 1384 3838; x_wconf 92' lang='lat' dir='ltr'>est,</span> <span class='ocrx_word' id='word_1_271' title='bbox 1418 3764 1503 3823; x_wconf 90' lang='lat' dir='ltr'>certe</span> <span class='ocrx_word' id='word_1_272' title='bbox 1533 3758 1624 3823; x_wconf 89' lang='lat' dir='ltr'>iuxta</span> <span class='ocrx_word' id='word_1_273' title='bbox 1646 3758 1736 3824; x_wconf 92' lang='lat' dir='ltr'>sinus</span> <span class='ocrx_word' id='word_1_274' title='bbox 1757 3760 1853 3827; x_wconf 89' lang='lat' dir='ltr'>huius</span> <span class='ocrx_word' id='word_1_275' title='bbox 1875 3763 1952 3830; x_wconf 93' lang='lat' dir='ltr'>litus</span> <span class='ocrx_word' id='word_1_276' title='bbox 1974 3785 2064 3832; x_wconf 50' lang='lat' dir='ltr'>coma</span> 
     </span>
     <span class='ocr_line' id='line_1_30' title="bbox 437 3876 2057 3969; baseline -0.001 -19"><span class='ocrx_word' id='word_1_277' title='bbox 437 3884 536 3950; x_wconf 90' lang='lat' dir='ltr'>missa</span> <span class='ocrx_word' id='word_1_278' title='bbox 550 3890 609 3950; x_wconf 90' lang='lat' dir='ltr'>est.</span> <span class='ocrx_word' id='word_1_279' title='bbox 650 3882 850 3964; x_wconf 86' lang='lat' dir='ltr'>Quamquam</span> <span class='ocrx_word' id='word_1_280' title='bbox 865 3900 980 3946; x_wconf 90' lang='lat' dir='ltr'>nomen</span> <span class='ocrx_word' id='word_1_281' title='bbox 995 3878 1136 3943; x_wconf 88' lang='lat' dir='ltr'>fluminis</span> <span class='ocrx_word' id='word_1_282' title='bbox 1151 3876 1249 3958; x_wconf 89' lang='lat' dir='ltr'>illius,</span> <span class='ocrx_word' id='word_1_283' title='bbox 1268 3876 1358 3943; x_wconf 89' lang='lat' dir='ltr'>cuius</span> <span class='ocrx_word' id='word_1_284' title='bbox 1372 3876 1406 3941; x_wconf 95' lang='lat' dir='ltr'>in</span> <span class='ocrx_word' id='word_1_285' title='bbox 1421 3876 1499 3961; x_wconf 91' lang='lat' dir='ltr'>ripis</span> <span class='ocrx_word' id='word_1_286' title='bbox 1514 3877 1704 3961; x_wconf 90' lang='lat' dir='ltr'>proeliatum</span> <span class='ocrx_word' id='word_1_287' title='bbox 1719 3887 1778 3961; x_wconf 89' lang='lat' dir='ltr'>est,</span> <span class='ocrx_word' id='word_1_288' title='bbox 1798 3881 2057 3969; x_wconf 69' lang='lat' dir='ltr'>ignoramus174),</span> 
     </span>
     <span class='ocr_line' id='line_1_31' title="bbox 434 3982 2152 4082; baseline -0.009 -12"><span class='ocrx_word' id='word_1_289' title='bbox 434 4013 542 4070; x_wconf 89' lang='lat' dir='ltr'>tamen</span> <span class='ocrx_word' id='word_1_290' title='bbox 564 4003 669 4068; x_wconf 88' lang='lat' dir='ltr'>vicum</span> <span class='ocrx_word' id='word_1_291' title='bbox 691 4002 745 4066; x_wconf 87' lang='lat' dir='ltr'>vel</span> <span class='ocrx_word' id='word_1_292' title='bbox 766 4000 930 4082; x_wconf 90' lang='lat' dir='ltr'>regionem</span> <span class='ocrx_word' id='word_1_293' title='bbox 952 3997 1129 4082; x_wconf 88' lang='lat' dir='ltr'>proximam</span> <span class='ocrx_word' id='word_1_294' title='bbox 1152 4003 1245 4080; x_wconf 74' lang='lat' dir='ltr'>poeta</span> <span class='ocrx_word' id='word_1_295' title='bbox 1267 3994 1452 4061; x_wconf 88' lang='lat' dir='ltr'>nominavit.</span> <span class='ocrx_word' id='word_1_296' title='bbox 2151 3982 2152 3986; x_wconf 59' lang='grc'>’</span> 
     </span>
    </p>
   </div>
   <div class='ocr_carea' id='block_1_6' title="bbox 436 4132 1689 4320">
    <p class='ocr_par' dir='ltr' id='par_1_10' title="bbox 436 4132 1689 4320">
     <span class='ocr_line' id='line_1_32' title="bbox 436 4132 1689 4219; baseline -0.003 -15"><span class='ocrx_word' id='word_1_297' title='bbox 436 4141 481 4204; x_wconf 91' lang='lat' dir='ltr'>VI</span> <span class='ocrx_word' id='word_1_298' title='bbox 503 4141 565 4203; x_wconf 79' lang='lat'>485</span> <span class='ocrx_word' id='word_1_299' title='bbox 1338 4132 1502 4214; x_wconf 91' lang='lat' dir='ltr'>collesque</span> <span class='ocrx_word' id='word_1_300' title='bbox 1525 4133 1689 4219; x_wconf 80' lang='lat' dir='ltr'>malignos</span> 
     </span>
     <span class='ocr_line' id='line_1_33' title="bbox 795 4234 1661 4320; baseline -0.002 -17"><span class='ocrx_word' id='word_1_301' title='bbox 795 4237 895 4303; x_wconf 91' lang='lat' dir='ltr'>tristis</span> <span class='ocrx_word' id='word_1_302' title='bbox 919 4244 951 4301; x_wconf 93' lang='lat' dir='ltr'>et</span> <span class='ocrx_word' id='word_1_303' title='bbox 971 4235 1128 4301; x_wconf 90' lang='lat' dir='ltr'>infaustos</span> <span class='ocrx_word' id='word_1_304' title='bbox 1151 4236 1348 4301; x_wconf 87' lang='lat' dir='ltr'>monstrabat</span> <span class='ocrx_word' id='word_1_305' title='bbox 1370 4234 1497 4300; x_wconf 81' lang='lat' dir='ltr'>Gallica</span> <span class='ocrx_word' id='word_1_306' title='bbox 1520 4255 1661 4320; x_wconf 91' lang='lat' dir='ltr'>campos.</span> 
     </span>
    </p>
   </div>
   <div class='ocr_carea' id='block_1_7' title="bbox 334 4369 2061 4821">
    <p class='ocr_par' dir='ltr' id='par_1_11' title="bbox 334 4369 2061 4821">
     <span class='ocr_line' id='line_1_34' title="bbox 334 4369 2060 4463; baseline 0.001 -19"><span class='ocrx_word' id='word_1_307' title='bbox 334 4369 341 4381; x_wconf 87' lang='grc'><strong>’</strong></span> <span class='ocrx_word' id='word_1_308' title='bbox 436 4382 520 4445; x_wconf 81' lang='lat' dir='ltr'>Sane</span> <span class='ocrx_word' id='word_1_309' title='bbox 549 4377 610 4442; x_wconf 92' lang='lat' dir='ltr'>hoo</span> <span class='ocrx_word' id='word_1_310' title='bbox 640 4377 708 4440; x_wconf 92' lang='lat' dir='ltr'>solo</span> <span class='ocrx_word' id='word_1_311' title='bbox 731 4392 827 4438; x_wconf 88' lang='lat' dir='ltr'>versu</span> <span class='ocrx_word' id='word_1_312' title='bbox 849 4391 926 4437; x_wconf 91' lang='lat' dir='ltr'>usus</span> <span class='ocrx_word' id='word_1_313' title='bbox 949 4391 989 4436; x_wconf 92' lang='lat' dir='ltr'>ne</span> <span class='ocrx_word' id='word_1_314' title='bbox 1012 4371 1241 4454; x_wconf 86' lang='lat' dir='ltr'>sagacissimus</span> <span class='ocrx_word' id='word_1_315' title='bbox 1263 4370 1409 4454; x_wconf 90' lang='lat' dir='ltr'>quidem,</span> <span class='ocrx_word' id='word_1_316' title='bbox 1442 4371 1497 4436; x_wconf 92' lang='lat' dir='ltr'>ubi</span> <span class='ocrx_word' id='word_1_317' title='bbox 1519 4371 1646 4438; x_wconf 82' lang='lat' dir='ltr'>Gallica</span> <span class='ocrx_word' id='word_1_318' title='bbox 1667 4373 1726 4439; x_wconf 93' lang='lat' dir='ltr'>illa</span> <span class='ocrx_word' id='word_1_319' title='bbox 1747 4372 1858 4456; x_wconf 84' lang='lat' dir='ltr'>fuerit,</span> <span class='ocrx_word' id='word_1_320' title='bbox 1893 4379 2060 4463; x_wconf 87' lang='lat' dir='ltr'>explorare</span> 
     </span>
     <span class='ocr_line' id='line_1_35' title="bbox 436 4489 2060 4583; baseline 0.001 -20"><span class='ocrx_word' id='word_1_321' title='bbox 436 4498 549 4583; x_wconf 90' lang='lat' dir='ltr'>possit.</span> <span class='ocrx_word' id='word_1_322' title='bbox 596 4494 662 4560; x_wconf 85' lang='lat' dir='ltr'>Sed</span> <span class='ocrx_word' id='word_1_323' title='bbox 689 4498 922 4579; x_wconf 91' lang='lat' dir='ltr'>peropportune</span> <span class='ocrx_word' id='word_1_324' title='bbox 951 4489 1146 4556; x_wconf 89' lang='lat' dir='ltr'>Iohannidos</span> <span class='ocrx_word' id='word_1_325' title='bbox 1175 4490 1250 4556; x_wconf 92' lang='lat' dir='ltr'>libri</span> <span class='ocrx_word' id='word_1_326' title='bbox 1278 4489 1410 4556; x_wconf 88' lang='lat' dir='ltr'>secundi</span> <span class='ocrx_word' id='word_1_327' title='bbox 1441 4490 1530 4555; x_wconf 92' lang='lat' dir='ltr'>locus</span> <span class='ocrx_word' id='word_1_328' title='bbox 1564 4491 1605 4574; x_wconf 83' lang='lat' dir='ltr'>(Il</span> <span class='ocrx_word' id='word_1_329' title='bbox 1628 4495 1763 4575; x_wconf 82' lang='lat'><strong>77-83)</strong></span> <span class='ocrx_word' id='word_1_330' title='bbox 1799 4494 1964 4580; x_wconf 78' lang='lat' dir='ltr'>subvenit,</span> <span class='ocrx_word' id='word_1_331' title='bbox 1997 4520 2060 4582; x_wconf 92' lang='lat' dir='ltr'>quo</span> 
     </span>
     <span class='ocr_line' id='line_1_36' title="bbox 434 4608 2061 4703; baseline 0.002 -21"><span class='ocrx_word' id='word_1_332' title='bbox 434 4623 531 4703; x_wconf 78' lang='lat' dir='ltr'>potita</span> <span class='ocrx_word' id='word_1_333' title='bbox 553 4612 715 4679; x_wconf 85' lang='lat' dir='ltr'>infelicem</span> <span class='ocrx_word' id='word_1_334' title='bbox 738 4612 820 4678; x_wconf 88' lang='lat' dir='ltr'>hano</span> <span class='ocrx_word' id='word_1_335' title='bbox 834 4610 987 4676; x_wconf 90' lang='lat' dir='ltr'>Iohannis</span> <span class='ocrx_word' id='word_1_336' title='bbox 1009 4608 1246 4693; x_wconf 85' lang='lat' dir='ltr'>expeditionem</span> <span class='ocrx_word' id='word_1_337' title='bbox 1266 4609 1422 4694; x_wconf 86' lang='lat' dir='ltr'>deplorat.</span> <span class='ocrx_word' id='word_1_338' title='bbox 1461 4608 1602 4674; x_wconf 90' lang='lat' dir='ltr'>Primum</span> <span class='ocrx_word' id='word_1_339' title='bbox 1616 4609 1676 4675; x_wconf 92' lang='lat' dir='ltr'>hoo</span> <span class='ocrx_word' id='word_1_340' title='bbox 1691 4614 1899 4695; x_wconf 91' lang='lat' dir='ltr'>quoquelooo</span> <span class='ocrx_word' id='word_1_341' title='bbox 1915 4616 2061 4686; x_wconf 84' lang='lat' dir='ltr'>Gallicae</span> 
     </span>
     <span class='ocr_line' id='line_1_37' title="bbox 435 4699 1965 4821; baseline -0.001 -21"><span class='ocrx_word' id='word_1_342' title='bbox 435 4742 529 4821; x_wconf 74' lang='lat' dir='ltr'>poeta</span> <span class='ocrx_word' id='word_1_343' title='bbox 552 4733 743 4799; x_wconf 93' lang='lat' dir='ltr'>mentionem</span> <span class='ocrx_word' id='word_1_344' title='bbox 766 4730 853 4809; x_wconf 85' lang='lat' dir='ltr'>facit,</span> <span class='ocrx_word' id='word_1_345' title='bbox 879 4749 975 4813; x_wconf 89' lang='lat' dir='ltr'>quarn</span> <span class='ocrx_word' id='word_1_346' title='bbox 997 4729 1139 4793; x_wconf 87' lang='lat' dir='ltr'>Romano</span> <span class='ocrx_word' id='word_1_347' title='bbox 1161 4750 1234 4794; x_wconf 87' lang='lat' dir='ltr'>mox</span> <span class='ocrx_word' id='word_1_348' title='bbox 1257 4727 1415 4810; x_wconf 89' lang='lat' dir='ltr'>sanguine</span> <span class='ocrx_word' id='word_1_349' title='bbox 1437 4728 1593 4812; x_wconf 92' lang='lat' dir='ltr'>pollutum</span> <span class='ocrx_word' id='word_1_350' title='bbox 1616 4729 1655 4794; x_wconf 91' lang='lat' dir='ltr'>iri</span> <span class='ocrx_word' id='word_1_351' title='bbox 1677 4730 1845 4815; x_wconf 86' lang='lat' dir='ltr'>praedicit.</span> <span class='ocrx_word' id='word_1_352' title='bbox 1956 4699 1965 4717; x_wconf 36' lang='grc' dir='ltr'>ι</span> 
     </span>
    </p>
   </div>
   <div class='ocr_carea' id='block_1_8' title="bbox 797 4864 1696 4949">
    <p class='ocr_par' dir='ltr' id='par_1_12' title="bbox 797 4864 1696 4949">
     <span class='ocr_line' id='line_1_38' title="bbox 797 4864 1696 4949; baseline 0.001 -19"><span class='ocrx_word' id='word_1_353' title='bbox 797 4866 829 4930; x_wconf 93' lang='grc' dir='ltr'>Π</span> <span class='ocrx_word' id='word_1_354' title='bbox 852 4870 891 4929; x_wconf 83' lang='grc' dir='ltr'>Π</span> <span class='ocrx_word' id='word_1_355' title='bbox 922 4865 1062 4931; x_wconf 88' lang='lat' dir='ltr'>immittit</span> <span class='ocrx_word' id='word_1_356' title='bbox 1083 4865 1206 4949; x_wconf 88' lang='lat' dir='ltr'>polluta</span> <span class='ocrx_word' id='word_1_357' title='bbox 1228 4865 1313 4931; x_wconf 89' lang='lat' dir='ltr'>viros</span> <span class='ocrx_word' id='word_1_358' title='bbox 1335 4885 1408 4929; x_wconf 86' lang='lat' dir='ltr'>mox</span> <span class='ocrx_word' id='word_1_359' title='bbox 1431 4864 1557 4930; x_wconf 87' lang='lat' dir='ltr'>Gallica</span> <span class='ocrx_word' id='word_1_360' title='bbox 1578 4866 1696 4931; x_wconf 89' lang='lat' dir='ltr'>tristes.</span> 
     </span>
    </p>
   </div>
   <div class='ocr_carea' id='block_1_9' title="bbox 434 5173 2061 5748">
    <p class='ocr_par' dir='ltr' id='par_1_13' title="bbox 434 5173 2061 5748">
     <span class='ocr_line' id='line_1_39' title="bbox 523 5173 950 5240; baseline -0.019 -10"><span class='ocrx_word' id='word_1_361' title='bbox 523 5179 579 5240; x_wconf 71' lang='lat'>173)</span> <span class='ocrx_word' id='word_1_362' title='bbox 602 5177 657 5227; x_wconf 83' lang='lat' dir='ltr'>Gor.</span> <span class='ocrx_word' id='word_1_363' title='bbox 679 5176 731 5225; x_wconf 90' lang='lat' dir='ltr'>loh.</span> <span class='ocrx_word' id='word_1_364' title='bbox 754 5176 787 5223; x_wconf 81' lang='lat' dir='ltr'>Vl</span> <span class='ocrx_word' id='word_1_365' title='bbox 805 5173 950 5224; x_wconf 72' lang='lat' dir='ltr'>uss-486.</span> 
     </span>
     <span class='ocr_line' id='line_1_40' title="bbox 524 5259 2059 5324; baseline -0.003 -12"><span class='ocrx_word' id='word_1_366' title='bbox 524 5263 581 5324; x_wconf 75' lang='lat' dir='ltr'>iti)</span> <span class='ocrx_word' id='word_1_367' title='bbox 602 5263 665 5311; x_wconf 81' lang='lat' dir='ltr'>Mira</span> <span class='ocrx_word' id='word_1_368' title='bbox 683 5263 818 5321; x_wconf 84' lang='lat' dir='ltr'>sagacitato</span> <span class='ocrx_word' id='word_1_369' title='bbox 837 5260 949 5307; x_wconf 80' lang='lat' dir='ltr'>Tauxier</span> <span class='ocrx_word' id='word_1_370' title='bbox 967 5259 1078 5307; x_wconf 85' lang='lat' dir='ltr'>fluminis</span> <span class='ocrx_word' id='word_1_371' title='bbox 1096 5259 1172 5306; x_wconf 89' lang='lat' dir='ltr'>huius</span> <span class='ocrx_word' id='word_1_372' title='bbox 1191 5271 1281 5306; x_wconf 88' lang='lat' dir='ltr'>nomen</span> <span class='ocrx_word' id='word_1_373' title='bbox 1299 5259 1428 5306; x_wconf 82' lang='lat' dir='ltr'>invenisse</span> <span class='ocrx_word' id='word_1_374' title='bbox 1447 5260 1494 5306; x_wconf 87' lang='lat' dir='ltr'>sibi</span> <span class='ocrx_word' id='word_1_375' title='bbox 1514 5260 1582 5306; x_wconf 83' lang='lat' dir='ltr'>viana</span> <span class='ocrx_word' id='word_1_376' title='bbox 1600 5267 1647 5308; x_wconf 81' lang='lat' dir='ltr'>ost.</span> <span class='ocrx_word' id='word_1_377' title='bbox 1685 5261 1797 5322; x_wconf 73' lang='lat' dir='ltr'>Puguam</span> <span class='ocrx_word' id='word_1_378' title='bbox 1816 5265 1884 5311; x_wconf 86' lang='lat' dir='ltr'>enim</span> <span class='ocrx_word' id='word_1_379' title='bbox 1903 5268 2059 5315; x_wconf 67' lang='lat' dir='ltr'>commissam</span> 
     </span>
     <span class='ocr_line' id='line_1_41' title="bbox 436 5344 2061 5412; baseline 0.001 -15"><span class='ocrx_word' id='word_1_380' title='bbox 436 5362 491 5397; x_wconf 81' lang='lat' dir='ltr'>essu</span> <span class='ocrx_word' id='word_1_381' title='bbox 509 5349 570 5396; x_wconf 85' lang='lat' dir='ltr'>dicit</span> <span class='ocrx_word' id='word_1_382' title='bbox 597 5350 627 5395; x_wconf 78' lang='lat' dir='ltr'>‘i</span> <span class='ocrx_word' id='word_1_383' title='bbox 644 5346 828 5395; x_wconf 86' lang='lat' dir='ltr'>l&#39;embouchure</span> <span class='ocrx_word' id='word_1_384' title='bbox 845 5344 879 5392; x_wconf 91' lang='lat' dir='ltr'>du</span> <span class='ocrx_word' id='word_1_385' title='bbox 897 5346 962 5406; x_wconf 89' lang='lat' dir='ltr'>petit</span> <span class='ocrx_word' id='word_1_386' title='bbox 979 5344 1061 5392; x_wconf 83' lang='lat' dir='ltr'>fleuvo</span> <span class='ocrx_word' id='word_1_387' title='bbox 1080 5344 1199 5402; x_wconf 76' lang='lat' dir='ltr'>Lyaeus&#39;.</span> <span class='ocrx_word' id='word_1_388' title='bbox 1237 5344 1300 5392; x_wconf 80' lang='lat' dir='ltr'>Acie</span> <span class='ocrx_word' id='word_1_389' title='bbox 1319 5344 1484 5392; x_wconf 80' lang='lat' dir='ltr'>Romanorum</span> <span class='ocrx_word' id='word_1_390' title='bbox 1502 5345 1530 5391; x_wconf 91' lang='lat' dir='ltr'>in</span> <span class='ocrx_word' id='word_1_391' title='bbox 1549 5345 1633 5406; x_wconf 80' lang='lat' dir='ltr'>lugam</span> <span class='ocrx_word' id='word_1_392' title='bbox 1651 5360 1770 5395; x_wconf 86' lang='lat' dir='ltr'>conversa</span> <span class='ocrx_word' id='word_1_393' title='bbox 1788 5349 1911 5398; x_wconf 81' lang='lat' dir='ltr'>lohannes</span> <span class='ocrx_word' id='word_1_394' title='bbox 1940 5352 1979 5400; x_wconf 85' lang='lat' dir='ltr'>‘se</span> <span class='ocrx_word' id='word_1_395' title='bbox 1994 5354 2061 5412; x_wconf 78' lang='lat' dir='ltr'>jetta</span> 
     </span>
     <span class='ocr_line' id='line_1_42' title="bbox 434 5417 2061 5495; baseline 0.002 -13"><span class='ocrx_word' id='word_1_396' title='bbox 434 5434 496 5482; x_wconf 84' lang='lat' dir='ltr'>dana</span> <span class='ocrx_word' id='word_1_397' title='bbox 513 5447 564 5481; x_wconf 84' lang='lat' dir='ltr'>una</span> <span class='ocrx_word' id='word_1_398' title='bbox 582 5417 661 5495; x_wconf 75' lang='lat' dir='ltr'>petita</span> <span class='ocrx_word' id='word_1_399' title='bbox 679 5432 783 5480; x_wconf 80' lang='lat' dir='ltr'>raduutu</span> <span class='ocrx_word' id='word_1_400' title='bbox 800 5429 885 5478; x_wconf 83' lang='lat' dir='ltr'>6lev6o</span> <span class='ocrx_word' id='word_1_401' title='bbox 903 5443 954 5478; x_wconf 84' lang='lat' dir='ltr'>aux</span> <span class='ocrx_word' id='word_1_402' title='bbox 973 5427 1081 5476; x_wconf 82' lang='lat' dir='ltr'>bouchea</span> <span class='ocrx_word' id='word_1_403' title='bbox 1098 5428 1134 5477; x_wconf 88' lang='lat' dir='ltr'>du</span> <span class='ocrx_word' id='word_1_404' title='bbox 1153 5429 1272 5487; x_wconf 70' lang='lat' dir='ltr'>Lyasua&#39;.</span> <span class='ocrx_word' id='word_1_405' title='bbox 1304 5428 1366 5479; x_wconf 81' lang='lat' dir='ltr'>Rev.</span> <span class='ocrx_word' id='word_1_406' title='bbox 1381 5430 1436 5477; x_wconf 80' lang='lat' dir='ltr'>Air.</span> <span class='ocrx_word' id='word_1_407' title='bbox 1451 5429 1500 5477; x_wconf 76' lang='lat' dir='ltr'>XX</span> <span class='ocrx_word' id='word_1_408' title='bbox 1522 5427 1587 5479; x_wconf 73' lang='lat' dir='ltr'>isto</span> <span class='ocrx_word' id='word_1_409' title='bbox 1605 5445 1630 5492; x_wconf 85' lang='lat' dir='ltr'>p.</span> <span class='ocrx_word' id='word_1_410' title='bbox 1646 5429 1705 5479; x_wconf 77' lang='lat'>297.</span> <span class='ocrx_word' id='word_1_411' title='bbox 1737 5431 1774 5479; x_wconf 78' lang='lat' dir='ltr'>lis</span> <span class='ocrx_word' id='word_1_412' title='bbox 1792 5446 1867 5494; x_wconf 89' lang='lat' dir='ltr'>quem</span> <span class='ocrx_word' id='word_1_413' title='bbox 1885 5435 1972 5495; x_wconf 75' lang='lat' dir='ltr'>fugiat,</span> <span class='ocrx_word' id='word_1_414' title='bbox 1994 5436 2061 5486; x_wconf 84' lang='lat' dir='ltr'>unde</span> 
     </span>
     <span class='ocr_line' id='line_1_43' title="bbox 436 5513 1529 5575; baseline -0.004 -8"><span class='ocrx_word' id='word_1_415' title='bbox 436 5520 500 5568; x_wconf 87' lang='lat' dir='ltr'>hane</span> <span class='ocrx_word' id='word_1_416' title='bbox 517 5521 634 5567; x_wconf 79' lang='lat' dir='ltr'>notitiam</span> <span class='ocrx_word' id='word_1_417' title='bbox 653 5518 692 5564; x_wconf 84' lang='lat' dir='ltr'>vir</span> <span class='ocrx_word' id='word_1_418' title='bbox 709 5517 797 5566; x_wconf 82' lang='lat' dir='ltr'>doctus</span> <span class='ocrx_word' id='word_1_419' title='bbox 814 5515 934 5575; x_wconf 76' lang='lat' dir='ltr'>hauserit,</span> <span class='ocrx_word' id='word_1_420' title='bbox 955 5513 1066 5562; x_wconf 76' lang='lat' dir='ltr'>adscribo</span> <span class='ocrx_word' id='word_1_421' title='bbox 1085 5515 1233 5562; x_wconf 82' lang='lat' dir='ltr'>lohannidoa</span> <span class='ocrx_word' id='word_1_422' title='bbox 1250 5514 1307 5562; x_wconf 84' lang='lat' dir='ltr'>libri</span> <span class='ocrx_word' id='word_1_423' title='bbox 1325 5515 1374 5562; x_wconf 84' lang='lat' dir='ltr'>vn</span> <span class='ocrx_word' id='word_1_424' title='bbox 1392 5530 1416 5566; x_wconf 81' lang='lat' dir='ltr'>v.</span> <span class='ocrx_word' id='word_1_425' title='bbox 1439 5513 1478 5564; x_wconf 86' lang='lat'>10.</span> <span class='ocrx_word' id='word_1_426' title='bbox 1503 5514 1529 5563; x_wconf 89' lang='lat' dir='ltr'>ll</span> 
     </span>
     <span class='ocr_line' id='line_1_44' title="bbox 847 5599 1502 5662; baseline 0.002 -15"><span class='ocrx_word' id='word_1_427' title='bbox 847 5600 992 5662; x_wconf 85' lang='lat' dir='ltr'>percipiunt</span> <span class='ocrx_word' id='word_1_428' title='bbox 1010 5599 1094 5659; x_wconf 83' lang='lat' dir='ltr'>epulis</span> <span class='ocrx_word' id='word_1_429' title='bbox 1113 5614 1200 5660; x_wconf 86' lang='lat' dir='ltr'>parvas</span> <span class='ocrx_word' id='word_1_430' title='bbox 1219 5605 1274 5660; x_wconf 86' lang='lat' dir='ltr'>post</span> <span class='ocrx_word' id='word_1_431' title='bbox 1292 5605 1402 5662; x_wconf 84' lang='lat' dir='ltr'>tempora</span> <span class='ocrx_word' id='word_1_432' title='bbox 1421 5602 1502 5662; x_wconf 84' lang='lat' dir='ltr'>viros,</span> 
     </span>
     <span class='ocr_line' id='line_1_45' title="bbox 847 5684 1536 5748; baseline 0.004 -18"><span class='ocrx_word' id='word_1_433' title='bbox 847 5685 1034 5744; x_wconf 80' lang='lat' dir='ltr'>laeuucunquo</span> <span class='ocrx_word' id='word_1_434' title='bbox 1052 5684 1143 5732; x_wconf 88' lang='lat' dir='ltr'>bibunt</span> <span class='ocrx_word' id='word_1_435' title='bbox 1161 5691 1217 5748; x_wconf 84' lang='lat' dir='ltr'>post</span> <span class='ocrx_word' id='word_1_436' title='bbox 1234 5686 1318 5733; x_wconf 84' lang='lat' dir='ltr'>tristia</span> <span class='ocrx_word' id='word_1_437' title='bbox 1336 5686 1400 5733; x_wconf 80' lang='lat' dir='ltr'>balla</span> <span class='ocrx_word' id='word_1_438' title='bbox 1418 5685 1536 5743; x_wconf 84' lang='lat' dir='ltr'>Lyaeum.</span> 
     </span>
    </p>
   </div>
   <div class='ocr_carea' id='block_1_10' title="bbox 435 5790 447 5847">
    <p class='ocr_par' dir='ltr' id='par_1_14' title="bbox 435 5790 447 5847">
     <span class='ocr_line' id='line_1_46' title="bbox 435 5790 447 5847; baseline 0 0"><span class='ocrx_word' id='word_1_439' title='bbox 435 5790 447 5847; x_wconf 81' lang='lat' dir='ltr'>l</span> 
     </span>
    </p>
   </div>
   <div class='ocr_carea' id='block_1_11' title="bbox 0 0 2224 6276">
    <p class='ocr_par' dir='ltr' id='par_1_15' title="bbox 0 0 2224 6276">
     <span class='ocr_line' id='line_1_47' title="bbox 0 0 2224 6276; baseline 0 1"><span class='ocrx_word' id='word_1_440' title='bbox 0 0 2224 6276; x_wconf 95' lang='lat' dir='ltr'> </span> 
     </span>
    </p>
   </div>
  </div>
 </body>
</html>
