4440 6276
1025 415 1170 471 comper

675 605 718 669 ad
739 605 816 688 iuga
838 606 921 670 colla
942 612 1067 689 parant.
1114 605 1334 690 poscentibus,
1360 605 1485 687 inclite,
1511 625 1618 690 parce.

674 727 800 774 oramus
822 728 934 793 pacem
956 715 989 774 et
1009 708 1169 793 placidam
1191 715 1265 793 post
1285 710 1373 774 bella
1394 710 1560 792 quietem'.

759 812 819 878 has
840 813 924 878 inter
945 832 1040 878 voces
1061 812 1167 894 ignari
1188 832 1350 877 murmura
1371 813 1462 896 vulgi

673 914 707 979 in
729 915 842 980 eastris
865 935 998 980 sonuere
1021 915 1122 980 ducis.
1173 917 1327 998 ‘quonam
1350 934 1451 998 usque
1473 915 1600 981 necabit

674 1018 806 1102 agmina
828 1020 928 1084 multa
950 1018 1073 1083 fames?
1115 1018 1202 1084 vitae
1226 1038 1300 1103 spes
1322 1019 1413 1083 nulla
1434 1019 1596 1103 salusque.

674 1123 864 1188 conterimur
885 1123 1069 1187 miseranda
1090 1125 1229 1187 manus'.
1276 1121 1415 1188 ductoris
1437 1129 1473 1187 ut
1493 1142 1588 1186 aures

675 1226 807 1309 contigit
827 1226 883 1290 ille
906 1245 1019 1307 sonus,
1045 1226 1186 1308 graviter
1208 1232 1381 1291 commotus
1403 1226 1437 1290 in
1458 1246 1568 1290 aurem

675 1328 722 1393 sic
743 1328 891 1393 Recinari
912 1328 967 1393 ait.
997 1327 1171 1393 ‘infaustas
1193 1348 1277 1393 nunc
1298 1348 1371 1394 arce
1393 1328 1542 1410 querelas

675 1431 784 1496 militis
806 1431 927 1514 ignavi.
974 1451 1131 1513 quaenam
1155 1431 1317 1521 dementia
1340 1431 1444 1496 cordis

566 1557 579 1594 r
674 1535 864 1619 praecipitat
885 1535 1018 1600 miseras
1041 1534 1173 1600 confusa
1195 1542 1300 1600 mente
1323 1540 1491 1600 catervas?

635 1693 637 1697 .
675 1646 807 1703 cernunt
828 1640 964 1721 legatos.
1011 1647 1145 1723 poscunt
1166 1659 1240 1703 mea
1262 1638 1394 1704 foedera
1416 1644 1544 1721 gentes,

675 1748 760 1807 stant
781 1742 918 1807 humiles
940 1742 1150 1826 precibusque
1172 1749 1295 1825 rogant.
1341 1742 1376 1807 hi
1398 1749 1506 1807 nostra
1527 1748 1675 1807 retexunt

674 1845 786 1911 intima
808 1853 1028 1928 secretumque
1050 1847 1179 1911 malum.
1226 1866 1283 1930 pro
1305 1846 1445 1932 pessima
1467 1852 1609 1910 ventrem

674 1948 767 2013 turba
789 1949 896 2013 colens
918 1949 980 2014 ritu
1001 1949 1161 2033 pecudum
1183 1950 1235 2014 vel
1257 1969 1343 2014 more
1366 1949 1534 2014 ferarum'!

673 2051 761 2115 ilicet
783 2051 953 2134 egrediens
975 2052 1111 2136 placidis
1133 2052 1219 2117 celer
1240 2052 1353 2117 omnia·
1368 2052 1475 2118 verbis

674 2174 835 2219 murmura
857 2155 1056 2239 compressit,
1082 2155 1224 2220 referens
1246 2161 1416 2239 praecepta
1438 2155 1593 2238 magistri.

674 2265 843 2343 postquam
865 2259 951 2325 iacta
974 2258 1082 2342 quies,
1109 2258 1227 2342 legatis
1248 2259 1382 2342 gnarior
1403 2259 1473 2342 ipse

676 2361 787 2428 ductor
808 2362 863 2428 ait.
914 2365 1037 2428 ‘noster
1059 2382 1139 2444 quas
1161 2382 1244 2427 nunc
1266 2362 1424 2428 exercitus
1445 2363 1511 2428 iras

675 2463 809 2546 fuderit,
836 2464 983 2529 audistis.
1030 2464 1166 2548 cupidus
1188 2464 1257 2530 fera
1278 2465 1401 2549 proelia
1423 2465 1515 2531 miles

568 2589 580 2626 ³
676 2589 733 2652 per
755 2574 883 2651 gentem
905 2568 1041 2633 transire
1063 2574 1172 2653 parat,
1198 2568 1257 2633 sed
1277 2576 1386 2634 nostra
1407 2575 1549 2653 potestas

675 2690 806 2755 parcere
829 2670 981 2736 subiectis
1003 2689 1129 2755 semper
1150 2671 1267 2736 studet.
1313 2692 1402 2736 arma
1422 2679 1568 2738 tenentes

677 2774 867 2839 conterimus
889 2775 1042 2860 populos,
1068 2774 1206 2839 humiles
1228 2775 1367 2840 ascimus
1390 2775 1520 2840 amicos.

676 2878 737 2960 ite,
763 2878 836 2943 viri.
882 2877 910 2943 si
933 2885 1020 2944 certa
1041 2877 1123 2943 fides
1145 2899 1218 2944 mea
1240 2877 1371 2944 foedera
1392 2878 1511 2963 poscit,

676 2981 791 3047 tradite
814 2988 922 3048 vestra
942 2982 1023 3048 meis
1045 2988 1190 3048 natorum
1212 2982 1348 3067 pignora
1369 2982 1500 3063 castris,

676 3093 709 3150 et
729 3105 841 3171 pacem
863 3085 997 3152 retinete
1019 3106 1134 3151 meam.
1158 3088 1283 3169 'genus
1305 3106 1397 3151 omne
1419 3086 1560 3150 manebit

677 3207 822 3253 securum
844 3189 1004 3254 Astricum
1026 3195 1132 3253 nostro
1155 3189 1214 3253 sub
1236 3187 1378 3274 principe
1400 3189 1551 3272 pollens’.

676 3290 758 3356 haec
779 3290 864 3357 fatus
886 3290 979 3356 donis
1000 3298 1121 3356 onerat.
1169 3291 1289 3356 servire
1312 3290 1452 3358 fatentur

676 3395 817 3459 Romano
840 3394 989 3478 imperio,
1016 3402 1108 3460 natos
1130 3415 1186 3479 pro
1208 3394 1342 3479 pignore
1364 3395 1454 3480 pacis

676 3497 809 3583 polliciti
831 3504 994 3582 praestare
1017 3517 1101 3563 suos.
1148 3497 1265 3563 virtute
1288 3497 1418 3563 Latinos

677 3608 709 3667 et
730 3601 886 3687 probitate
908 3602 1052 3686 probant.
1099 3601 1233 3666 laudant
1254 3601 1401 3683 viresque
1422 3600 1583 3684 fidemque

676 3704 829 3790 principis
851 3710 947 3788 atque
969 3704 1071 3770 ducis.
1118 3711 1280 3788 composta
1301 3724 1380 3788 pace
1403 3704 1565 3771 recedunt.

760 3814 795 3872 at
815 3809 925 3893 procul
948 3808 981 3873 in
1003 3827 1132 3893 campos
1155 3808 1340 3891 squalentes
1362 3807 1467 3874 fessus
1489 3809 1621 3890 llaguas

675 3911 803 3977 enabat
825 3911 951 3992 sitiens,
977 3930 1037 3976 nee
1058 3917 1164 3976 tantos
1185 3910 1269 3976 ferre
1291 3911 1417 3977 labores

675 4015 739 4079 iam
760 4021 886 4099 poterat
907 4015 1082 4098 duramque
1104 4014 1232 4080 famem.
1278 4014 1333 4080 via
1354 4015 1444 4080 nulla
1465 4014 1579 4080 salutis

677 4124 710 4182 et
729 4118 853 4183 nullum
876 4124 1068 4184 monstratur
1087 4118 1157 4184 iter.
1204 4125 1278 4203 post
1298 4125 1390 4201 terga
1411 4118 1585 4200 Iohannes,

677 4219 847 4286 infaciem
869 4221 985 4287 nimius
1007 4221 1086 4287 solis
1108 4223 1207 4287 calor.
1253 4222 1393 4305 undique
1415 4221 1505 4305 genti

676 4341 760 4387 mors
783 4329 851 4388 erat
871 4330 946 4389 ante
968 4324 1087 4389 oculos.
1134 4343 1192 4389 nec
1214 4324 1347 4390 tendere
1368 4331 1489 4390 rectum

676 4444 736 4490 nec
757 4426 839 4510 potis
862 4433 911 4492 est
933 4447 1083 4493 revocare
1104 4427 1250 4510 gradum.
1299 4427 1431 4493 confusa
1452 4426 1581 4512 periclis

675 4528 772 4593 anxia
794 4530 887 4595 turba
908 4529 1017 4612 gemit.
1064 4536 1196 4596 mortem
1219 4537 1320 4595 orant.
1366 4530 1413 4596 ire
1435 4537 1605 4595 retrorsum

521 4661 525 4668 ·
567 4654 580 4692 e
675 4632 834 4715 persuasit
854 4631 982 4698 fortuna
1003 4652 1141 4714 nocens,
1167 4634 1336 4716 gentisque
1359 4633 1518 4698 nefandae

674 4735 850 4801 infaustum
872 4735 1002 4801 divertit
1023 4735 1092 4800 iter.
1141 4736 1224 4802 redit
1244 4736 1389 4821 improba
1411 4736 1521 4801 Martis

675 4839 802 4922 Syrtica
822 4846 906 4905 sorte
928 4858 1058 4921 manus,
1083 4839 1157 4904 telis
1179 4859 1243 4903 non
1264 4840 1387 4924 proelia
1408 4859 1542 4924 poscens

675 4942 734 5006 sed
756 4941 885 5007 dubiam
908 4947 1063 5026 temptare
1085 4940 1206 5024 fugam.
1254 4942 1437 5027 explorator
1459 4941 1576 5022 ubique

675 5046 836 5110 Romanos
858 5045 1004 5110 currebat
1025 5064 1142 5127 eques,
1169 5045 1344 5128 mistusque
1368 5044 1490 5110 Latinis

530 5170 578 5211 reo
674 5147 758 5214 fidus
780 5155 848 5213 erat
869 5148 1000 5230 Mazax,
1026 5149 1145 5232 pariter
1168 5147 1304 5231 vestigia
1325 5149 1431 5231 gentis

360 5392 410 5443 410
428 5395 521 5442 litterae
534 5397 576 5442 ine
587 5394 665 5441 multa
678 5395 807 5441 stinctum
820 5391 925 5454 quodum
938 5393 1057 5454 offuscato
1070 5395 1097 5441 ia
1108 5393 1188 5440 codice
1200 5394 1248 5452 lrpr'
1259 5395 1310 5440 tum
1321 5399 1452 5455 nequeant.
1488 5394 1566 5442 multa
1579 5397 1723 5454 mpcmntar
1735 5397 1818 5440 nostra
1830 5392 1905 5446 ΒΜ.

290 5477 338 5527 414
353 5481 503 5528 conterimur
514 5479 657 5539 Momuum,
672 5479 839 5527 contrahimur
854 5479 874 5524 Τ
949 5477 999 5526 413
1012 5479 1111 5526 ririnari
1128 5478 1149 5524 Τ
1225 5478 1275 5526 424
1287 5479 1391 5542 cupidus
1407 5480 1435 5539 Τ,
1449 5482 1552 5541 cupiens
1563 5480 1650 5526 malim
1718 5477 1769 5527 429
1780 5479 1907 5528 trsdltrd’

290 5543 339 5631 4440
351 5566 459 5614 retinere
474 5566 494 5612 Τ
561 5564 607 5613 431
624 5579 707 5613 securo
724 5564 744 5610 Τ
809 5563 859 5613 432
872 5565 932 5613 haec
945 5564 1034 5626 Muza,
1050 5578 1094 5612 nec
1109 5565 1129 5611 Τ
1200 5563 1248 5612 433
1262 5571 1319 5612 neto
1334 5566 1354 5611 Τ
1421 5564 1470 5614 435
1482 5566 1604 5627 probltate
1616 5562 1706 5623 Meas,
1722 5567 1871 5627 proprietate
1886 5565 1907 5613 Τ

289 5629 338 5697 437
352 5651 495 5711 ilasgussT
575 5650 620 5699 441
637 5651 738 5710 ludique
754 5650 774 5695 Τ
854 5652 923 5710 genti
938 5651 1022 5711 Belca,
1037 5652 1120 5704 gentis
1136 5651 1156 5697 Τ
1241 5651 1291 5700 442
1305 5665 1411 5714 usquam
1421 5657 1476 5713 poet
1489 5665 1534 5699 nec
1546 5650 1604 5699 add.
1620 5649 1697 5699 Moza.
1780 5650 1831 5698 446
1844 5664 1908 5699 mor·

289 5737 323 5784 tie
339 5736 365 5794 Τ,
387 5734 424 5796 cs.
439 5736 508 5797 γαρ.
523 5738 583 5785 Aen.
600 5737 636 5782 XI
651 5741 698 5783 lm
802 5735 850 5784 447
870 5749 918 5784 non
937 5736 1023 5799 Bella,
1043 5739 1070 5784 ln
1094 5738 1114 5784 Τ
1216 5737 1265 5786 tls
1284 5739 1423 5800 explorator
1441 5736 1531 5797 Muza„
1551 5737 1671 5799 splorstor
1691 5735 1712 5783 Τ
1817 5749 1820 5754 ·
