4440 6276
299 419 473 484 XXXVIII
994 421 1223 479 PROCEblll'bl.

299 643 500 707 Putzintnlus
522 642 591 726 ipse
614 642 736 708 fortiter
757 664 905 728 pugnans
928 653 1059 709 mortem
1083 645 1315 729 oppetis'it²¹‘⁵,.
1362 644 1428 709 Sed
1449 645 1482 708 in
1504 653 1645 729 tempore
1669 644 1840 725 Iohannes,
1866 645 1921 726 qui

299 762 400 827 altero
429 781 524 827 cornu
556 762 663 827 hostes
689 762 750 827 sibi
773 764 935 846 oppositos
958 763 1200 848 profligaverat,
1233 765 1450 829 laborantibus
1473 763 1695 839 subveniret.
1742 765 1824 829 Tota
1846 771 1922 829 tunc
1961 789 1964 793 ’

298 881 477 946 Maurorum
500 881 568 947 acie
591 881 624 945 in
648 880 758 965 fugam
782 902 935 948 conversa
950 884 1086 949 Romani
1108 884 1243 948 uictores
1266 891 1405 966 stragem
1424 884 1586 966 ingentem
1603 882 1783 949 ediderunt.
1822 884 1921 949 Prae-

297 1008 345 1066 ter
373 1001 455 1066 alios
484 1000 582 1066 duces
611 1002 784 1085 permultos
793 1004 843 1082 2²⁰)
879 1002 1057 1081 Carcasan,
1095 1003 1322 1068 Marmaridum
1353 1023 1408 1068 rex
1439 1022 1600 1077 summus,
1637 1002 1761 1068 occisus
1793 1003 1916 1084 esim).

297 1119 396 1195 Cuius
424 1128 523 1185 morte
553 1121 655 1187 relata
677 1121 872 1186 Iohannidos
894 1122 977 1187 liber
999 1130 1129 1188 octavus
1151 1124 1184 1186 in
1207 1122 1270 1188 fine
1292 1122 1423 1187 mutilus
1446 1122 1574 1187 desinit.
1621 1121 1687 1187 Sed
1709 1122 1854 1207 Procopii
1879 1143 1920 1187 ex

301 1238 442 1304 historiis
473 1239 626 1305 discimus
653 1247 776 1306 tantam
804 1240 905 1307 fuisse
935 1242 1114 1306 Mauromm
1145 1243 1286 1322 cladem,
1319 1250 1383 1307 tarn
1413 1242 1554 1324 graviter
1581 1262 1689 1307 eornm
1718 1242 1803 1307 vires
1832 1241 1923 1306 labe-

296 1359 433 1425 factatas
456 1379 546 1440 csse,
580 1367 614 1424 ut
644 1360 758 1424 multos
786 1381 844 1445 per
872 1381 973 1425 annos
1001 1362 1220 1426 invasionibus
1249 1362 1430 1446 prouincias
1453 1363 1612 1426 Romanas
1634 1382 1752 1427 vexare
1775 1381 1837 1425 non
1859 1381 1920 1426 an-

296 1480 419 1560 derent,
444 1478 637 1563 Africaeque
659 1479 766 1545 fessae
787 1480 917 1545 tandem
940 1481 1113 1563 aliquando
1128 1503 1192 1566 pax
1208 1483 1424 1564 malorumque
1439 1481 1632 1546 intermissio
1647 1481 1917 1564 contingeret222).

383 1597 542 1664 Iohannes
573 1599 726 1682 magister
754 1619 855 1664 annos
877 1609 960 1666 certe
984 1602 1153 1666 nonnullos
1175 1601 1375 1685 prouinciae,
1409 1621 1504 1683 quarn
1526 1600 1664 1666 hostiurn
1686 1600 1920 1666 incursionibus

295 1719 452 1785 continuis
482 1718 690 1800 liberaverat,
725 1718 873 1802 praefuit.
920 1721 1012 1784 Anno
1036 1720 1119 1784 enirn
1143 1743 1174 1805 p.
1201 1721 1276 1786 Chr.
1302 1742 1334 1785 n.
1361 1724 1422 1785 553
1448 1721 1482 1784 iu
1505 1720 1687 1785 Sardiniam
1709 1720 1915 1805 prouinciam,

296 1859 377 1923 quae
407 1840 449 1904 ad
472 1838 658 1903 Africanam
688 1838 860 1904 dioecesim
892 1839 1085 1924 pertinebat,
1120 1840 1355 1925 expeditionem
1378 1841 1559 1924 suscepisse
1583 1839 1758 1922 fertur2²³).
1806 1840 1918 1904 Paullo

296 1966 403 2024 autem
426 1966 499 2042 post
520 1965 653 2023 mortem
675 1958 792 2025 obiisse
815 1958 953 2041 ridetur,
981 1980 1051 2024 cum
1075 1981 1188 2024 nomen
1211 1960 1281 2026 eins
1303 1980 1406 2041 neque
1428 1960 1507 2025 belli
1530 1959 1656 2025 Gotbioi
1678 1961 1772 2025 annis
1795 1967 1920 2044 postre-

295 2079 355 2143 mis
377 2098 481 2160 ueque
504 2086 615 2163 postea
637 2098 777 2161 unquam
800 2087 1000 2145 memoretur.
1044 2080 1318 2145 Verisimillimum
1342 2088 1391 2145 est
1413 2079 1615 2163 superstitem
1639 2100 1710 2145 eum
1733 2100 1796 2144 non
1818 2078 1918 2143 fuisse

294 2218 377 2263 anno
399 2202 478 2277 562,
505 2218 568 2281 quo
590 2196 719 2262 Africae
742 2218 793 2263 res
816 2197 921 2264 denuo
944 2199 1090 2265 turbatae
1112 2207 1196 2265 sunt.
1244 2200 1404 2265 Iohannes
1426 2199 1512 2264 enim
1534 2199 1710 2282 Rogatinus
1733 2207 1808 2264 tunc
1831 2198 1918 2263 Afri-

294 2338 350 2384 cae
381 2317 561 2402 praefectus
584 2318 765 2382 Maurorum
795 2339 904 2402 regem
934 2320 1086 2384 Romanis
1115 2318 1305 2384 fidissimum
1327 2319 1479 2384 Casinam
1509 2319 1592 2384 dolis
1622 2319 1870 2383 circumventum
1901 2337 1919 2382 e

294 2437 401 2503 medio
425 2437 628 2519 sustulisse.
676 2437 834 2501 Perfidiae
857 2445 965 2503 tantae
988 2440 1109 2504 ultores
1132 2439 1271 2504 Casinas
1294 2439 1352 2503 tilii
1374 2439 1494 2503 blauris
1516 2438 1558 2503 ad
1581 2459 1668 2503 anna
1693 2438 1813 2503 vocatis
1830 2436 1920 2504 Afri·

294 2578 364 2622 cam
386 2565 484 2622 totam
509 2555 729 2623 crudelissime
753 2564 928 2622 uastarunt.
976 2560 1066 2623 Tunc
1089 2578 1204 2621 novum
1227 2558 1348 2623 bellurn
1372 2559 1546 2623 Mauricum
1570 2558 1706 2639 exarsit,
1738 2558 1824 2641 qnod
1854 2566 1918 2622 tam

294 2677 378 2741 rnale
402 2698 420 2740 a
444 2677 610 2760 Byzantiis
633 2685 758 2759 gestum
783 2684 848 2754 est,
883 2685 917 2742 ut
946 2678 1037 2760 regni
1060 2677 1228 2742 Iustiniani
1259 2678 1352 2741 annis
1381 2679 1532 2743 extremis
1555 2679 1597 2743 ad
1620 2679 1749 2743 ultimas
1772 2677 1918 2742 miserias

293 2796 402 2861 Africa
427 2797 703 2861 ‹lelatieretur²²³.

987 3183 1232 3305 saoconn

739 3415 827 3510 DE
855 3416 1066 3512 BELLC
1094 3416 1472 3514 VANDALICO

878 3633 1068 3710 aaaron
1096 3635 1337 3712 sennenn.

381 3856 526 3942 Procopii
556 3857 589 3921 in
612 3856 693 3921 libro
716 3857 816 3921 altero
839 3857 879 3922 de
902 3858 989 3923 bello
1013 3857 1189 3923 Vandalico
1212 3879 1283 3924 curn
1306 3866 1371 3924 tota
1394 3858 1461 3924 fere
1484 3858 1679 3923 Iohannidos
1700 3857 1918 3940 interpretatio

294 3977 444 4057 historica
466 3977 604 4055 nitatur,
637 3977 696 4059 iis,
728 3977 782 4061 qui
806 3978 935 4063 Corippi
958 3979 1048 4043 libris
1071 3985 1250 4060 uterentur,
1284 3986 1410 4062 gratum
1441 3999 1491 4044 me
1521 3977 1686 4071 facturum¹
1701 3977 1918 4042 Mommsenns

291 4097 463 4179 iudicauit,
490 4097 518 4161 si
540 4096 614 4161 buic
636 4097 798 4180 prooemio
820 4097 966 4182 Procopii
989 4097 1096 4182 capita
1118 4117 1168 4179 ea,
1194 4117 1276 4179 quae
1299 4098 1361 4162 huc
1382 4098 1553 4182 pertinent,
1580 4097 1790 4163 addidissem.
1837 4096 1917 4162 Cum

292 4226 399 4285 autem
428 4237 469 4282 ne
491 4216 670 4282 Bonnensis
699 4215 828 4299 quidem
859 4216 955 4282 editio
986 4237 1089 4298 neque
1115 4217 1423 4301 interpolationibus,
1456 4217 1572 4301 quibus
1594 4217 1667 4283 libri
1689 4238 1786 4282 manu
1808 4217 1918 4301 scripti

292 4338 384 4404 multi
405 4336 563 4421 inquinati
586 4342 677 4417 sunt,
704 4336 831 4400 ornnino
854 4344 978 4417 careat,
1012 4356 1115 4418 neque
1138 4337 1171 4401 in
1193 4336 1373 4402 nominibus
1396 4337 1532 4422 propriis
1555 4338 1731 4405 scribendis
1754 4337 1832 4403 satis
1856 4338 1916 4402 sibi

292 4464 431 4535 constet,
464 4457 575 4522 aviro
599 4454 709 4536 docto,
742 4456 796 4537 qui
825 4476 907 4520 nunc
937 4454 1098 4521 codicibus
1129 4456 1257 4540 optimis
1288 4456 1392 4521 denuo
1422 4459 1565 4523 excussis
1587 4457 1732 4541 Procopii
1754 4458 1844 4522 libris
1867 4477 1918 4522 re-

292 4578 462 4645 censendis
491 4597 620 4660 operam
650 4583 764 4657 navat,
799 4574 959 4641 Guilelmo
989 4575 1117 4658 Meyero
1144 4577 1345 4656 lfonacensi,
1380 4585 1414 4641 ut
1444 4598 1461 4642 c
1492 4578 1618 4644 schedis
1647 4578 1732 4656 suis,
1764 4597 1845 4660 quae
1876 4577 1917 4641 ad

482 4773 497 4776 -
523 4770 706 4777 .-.-.--——-.

378 4891 434 4949 2183
458 4890 511 4938 Cor.
533 4889 587 4938 Ich.
609 4889 669 4935 vll}
689 4887 834 4937 trs-rso.

377 4995 434 5055 219,
458 4992 512 5042 Cor.
534 4992 586 5041 lob.
608 4991 669 5038 Vlll
687 4989 833 5039 sar-472.
895 5039 897 5043 ,

376 5097 434 5158 220)
455 5097 554 5144 lordsn.
576 5096 645 5144 Rom.
666 5110 688 5146 c.
704 5093 753 5143 356
772 5093 885 5141 Momnrs.
907 5109 932 5156 p.
949 5090 1013 5141 242¹>
1031 5093 1095 5142 Mur.
1119 5093 1184 5140 ‘una
1202 5094 1243 5141 die
1261 5094 1346 5142 decern
1365 5101 1391 5141 et
1409 5102 1504 5156 septem
1523 5096 1659 5155 praefectos
1677 5096 1796 5153 extinxit,
1819 5108 1917 5155 pararn-

289 5199 339 5248 qne
358 5187 435 5233 totius
456 5183 555 5231 Africae
573 5183 676 5229 iurante
695 5180 793 5228 domtno
811 5182 964 5241 impetravit.

375 5288 432 5350 221)
456 5287 511 5336 Cor.
533 5285 586 5335 lob.
608 5286 669 5332 Vlll
684 5281 835 5334 ‘ott-634.
858 5283 890 5329 Vl
914 5282 1056 5330 lsi-187.

376 5391 433 5452 aaa
456 5392 525 5440 noc.
547 5391 571 5438 u.
593 5389 673 5438 tuns.
695 5389 719 5436 u
737 5385 770 5437 ae
784 5390 826 5436 nn.
865 5389 889 5438 s.
912 5387 985 5435 corn.
1009 5388 1043 5433 tv
1064 5386 1104 5436 ιῑ.

375 5493 434 5556 223)
455 5494 524 5542 Proc.
546 5494 571 5540 b.
592 5491 667 5538 Goth.
687 5489 722 5539 IV
740 5488 782 5540 24.

375 5597 433 5658 224,
455 5597 509 5648 lob.
530 5595 613 5643 Malui.
635 5594 771 5655 chronogr.
789 5594 874 5642 xvm
894 5609 921 5656 p.
940 5592 999 5642 495.
1020 5593 1070 5641 stra
1089 5595 1128 5642 ed.
1151 5594 1226 5642 llirrd.

378 5701 436 5764 225)
457 5699 513 5748 Cor.
535 5698 601 5746 laud.
623 5698 686 5746 lust.
709 5699 718 5744 l
740 5694 850 5747 18-21.
889 5698 977 5747 Anast.
999 5695 1040 5744 37.
