4440 6276
308 432 348 495 48
1027 427 1207 482 HISTORIA

306 617 349 683 ad
378 617 559 703 perdendas
588 616 712 681 animas
743 615 921 681 ordinatum
951 615 1123 696 vidissent,
1161 615 1263 680 omnis
1293 616 1389 681 simul
1419 617 1531 682 civitas
1560 619 1723 684 evectione
1752 619 1863 683 navali
1885 619 1926 685 de

306 721 449 806 proximo
471 720 513 784 ad
536 720 723 804 Hispaniam
747 717 932 799 confugivit,
959 718 1078 783 relictis
1100 718 1302 802 paucissimis
1324 720 1379 801 qui
1401 719 1523 784 aditum
1546 741 1609 785 non
1632 721 1821 786 invenerant
1835 723 1927 786 navi-

304 822 415 906 gandi.
456 822 542 901 Quos
562 822 765 886 Atrianorum
788 822 957 906 episcopus
980 821 1080 905 primo
1102 821 1340 903 blandimentis,
1366 829 1479 906 postea
1493 822 1589 888 minis
1603 824 1784 909 conpellere
1806 824 1922 908 coepit,

306 933 341 990 ut
362 944 417 991 eos
440 925 561 1018 faceret
575 925 738 990 Arrianos.
778 923 844 990 Sed
866 923 963 989 fortes
985 924 1018 989 in
1034 922 1160 989 domino
1182 944 1244 988 non
1261 925 1365 989 solum
1381 925 1547 990 suadentis
1563 925 1722 991 insaniam
1738 926 1921 1008 inrisemnt,

304 1046 414 1093 verum
431 1027 527 1093 etiam
543 1027 670 1112 publice
685 1027 839 1110 mysteria
853 1026 964 1091 divina
979 1027 1013 1090 in
1029 1027 1121 1092 domo
1137 1047 1201 1090 una
1215 1028 1401 1110 congregati
1423 1028 1586 1094 celebrare
1610 1037 1792 1113 coeperunt.
1832 1028 1925 1106 Quod
1946 1051 1958 1090 s

239 1133 280 1197 31)
305 1129 361 1195 ille
384 1150 578 1214 cognoscens
607 1130 794 1195 relationem
823 1130 945 1195 occulte
968 1129 1194 1213 Carthaginem
1221 1129 1377 1195 adversus
1399 1150 1454 1196 eos
1476 1131 1602 1196 direxit.
1649 1131 1739 1209 Quae
1762 1153 1834 1197 cum
1856 1132 1925 1215 regi

304 1232 504 1312 innotuisset,
531 1234 676 1299 comitem
699 1232 859 1313 quendam
882 1252 953 1296 cum
975 1232 1140 1297 iracundia
1162 1232 1305 1315 dirigens
1326 1233 1489 1317 praecepit
1510 1233 1598 1298 utin
1620 1234 1726 1300 medio
1744 1234 1822 1317 foro,
1848 1254 1925 1299 con-

304 1343 439 1420 gregata
452 1335 530 1401 illuc
545 1335 629 1400 omni
644 1334 816 1420 provincia,
843 1335 971 1418 linguas
994 1335 1040 1399 eis
1065 1341 1097 1401 et
1118 1355 1233 1399 manus
1255 1335 1388 1401 dextras
1407 1335 1560 1400 radicitus
1582 1336 1784 1402 abscidisset.
1832 1337 1924 1414 Quod

304 1457 375 1504 curn
394 1438 512 1504 facturn
536 1438 667 1519 fuisset,
700 1437 812 1522 spiritu
833 1445 942 1503 sancto
971 1445 1153 1522 praestante
1182 1438 1226 1504 ita
1255 1438 1352 1504 locuti
1383 1446 1457 1504 sunt
1485 1447 1519 1504 et
1547 1440 1735 1522 loquuntur,
1768 1440 1925 1522 quomodo

304 1548 400 1606 antea
422 1541 642 1624 loquebantur.
681 1540 746 1606 Sed
769 1540 797 1605 si
819 1539 891 1624 quis
913 1540 1097 1606 incredulus
1119 1560 1192 1606 esse
1207 1541 1352 1623 voluerit,
1377 1550 1491 1626 pergat
1504 1563 1589 1607 nuuc
1604 1543 1920 1628 Constantinopolim,
1945 1564 1974 1605 ιι

305 1650 337 1711 et
357 1643 402 1709 ibi
425 1644 562 1728 reperiet
577 1664 674 1709 unum
690 1643 730 1709 de
744 1641 821 1724 illis,
848 1643 1074 1708 subdiaconem
1091 1644 1295 1727 Reparatum,
1321 1663 1484 1710 sermones
1505 1645 1620 1728 politos
1642 1645 1712 1711 sine
1734 1646 1802 1710 ulla
1823 1647 1926 1710 offen-

305 1746 394 1813 sione
418 1746 610 1831 loquentem.
657 1745 706 1811 Ob
725 1765 820 1829 quam
844 1765 973 1810 causam
995 1746 1189 1812 venerabilis
1211 1746 1342 1811 nimium
1364 1747 1398 1812 in
1420 1747 1541 1832 palatio
1563 1748 1702 1813 Zenonis
1723 1749 1924 1834 imperatoris

304 1849 448 1931 babetur,
475 1857 508 1915 et
529 1849 699 1935 praecipue
722 1849 833 1933 regina
854 1849 934 1913 mira
956 1868 1028 1913 eum
1050 1848 1230 1914 reverentia
1252 1856 1429 1914 veneratur.

237 1971 274 2035 31
389 1968 459 2033 Vll.
497 1968 562 2034 sed
584 1968 655 2052 quis
677 1988 815 2052 congruo
838 1988 984 2033 sermone
1005 1968 1107 2052 possit
1128 1968 1260 2052 exsequi
1283 1975 1338 2033 aut
1360 1987 1548 2034 coacervare
1571 1968 1774 2035 diversitates
1803 1990 1924 2055 poena-

304 2091 390 2156 rum,
424 2093 504 2157 quas
533 2093 573 2138 ex
602 2072 690 2137 iussu
719 2071 806 2153 regis
836 2070 885 2136 sui
916 2071 1011 2137 etiam
1034 2070 1097 2156 ipsi
1119 2070 1269 2135 Wandali
1291 2071 1325 2135 in
1348 2091 1422 2136 suos
1445 2071 1590 2136 homines
1611 2077 1842 2138 exercuerunt?
1885 2073 1923 2137 In
1944 2096 1973 2136 rs

304 2174 375 2260 lpsa
397 2196 522 2259 quoque
545 2194 626 2258 quae
649 2181 742 2258 gesta
764 2181 839 2238 sunt
860 2174 1053 2257 Carthagine
1077 2173 1105 2239 si
1127 2173 1246 2283 nitatur
1268 2174 1400 2258 scriptor
1422 2173 1610 2257 singillatim
1633 2181 1793 2253 astruere,
1826 2174 1923 2239 etiam

304 2277 372 2344 sine
402 2284 515 2343 ornatu
547 2276 701 2342 sermonis
723 2296 783 2342 nec
804 2276 875 2362 ipsa
897 2277 1026 2341 nomina
1047 2284 1273 2342 tormentorum
1295 2277 1410 2361 poterit
1432 2277 1569 2342 edicere.
1618 2277 1707 2354 Quae
1737 2297 1788 2342 res
1811 2278 1923 2343 hodie-

304 2400 365 2464 que
387 2379 492 2465 posita
514 2379 546 2444 in
568 2387 715 2463 promptu
738 2377 942 2444 demonstrat.
983 2379 1073 2444 Alios
1096 2379 1165 2444 sine
1188 2378 1345 2452 manibus,
1371 2379 1453 2444 alios
1476 2379 1545 2444 sine
1568 2380 1680 2463 oculis,
1706 2380 1787 2445 alios
1803 2381 1929 2463 absque

304 2481 457 2568 pedibus,
491 2482 572 2547 alios
601 2489 728 2547 truncos
757 2481 889 2547 naribus
911 2481 1104 2564 auribusque
1126 2482 1292 2562 intendas,
1326 2483 1470 2565 aliosque
1492 2481 1604 2548 videas
1630 2483 1728 2548 nimio
1751 2482 1923 2567 suspendio

303 2585 387 2671 palis
410 2584 541 2666 evulsis,
567 2591 674 2669 caput,
700 2582 784 2666 quod
808 2584 947 2650 eminere
971 2584 1104 2666 solebat,
1130 2584 1163 2648 in
1179 2584 1285 2650 medio
1300 2585 1502 2668 scapularum
1519 2584 1620 2650 luisse
1635 2585 1827 2667 demersum,
1846 2584 1923 2650 dum
1943 2607 1972 2650 ao

303 2686 422 2772 iugiter
443 2687 476 2753 in
498 2687 572 2753 altis
594 2686 729 2753 aedibus
752 2685 925 2770 suspendio
948 2685 1136 2767 cruciantes,
1161 2686 1352 2771 impulsione
1375 2706 1527 2752 manuum
1549 2687 1679 2752 funibus
1701 2688 1841 2771 agitatis,
1867 2708 1924 2772 per

305 2810 440 2858 vacuum
464 2810 569 2856 aerem
592 2791 654 2856 buc
676 2797 772 2874 atque
794 2789 872 2854 illuc
894 2788 1056 2855 iaciebant
1073 2789 1185 2872 vagari
1208 2789 1410 2874 pendentem.
1450 2790 1512 2868 Qui
1534 2810 1771 2873 nonnumquam
1787 2789 1924 2874 dimptis

303 2892 434 2960 ibuibus
456 2892 497 2959 de
525 2893 582 2959 illa
604 2892 772 2959 altitudine
800 2892 1020 2979 suspensionis
1048 2892 1114 2958 ictu
1136 2892 1243 2958 valido
1266 2899 1471 2975 corruentes,
1508 2892 1638 2978 plurimi
1667 2913 1773 2958 arcem
1802 2893 1924 2959 cerebri

304 3015 375 3063 cum
398 2996 498 3062 oculis
521 2996 713 3062 amiserunt:
746 2995 803 3062 alii
834 2995 1004 3061 confractis
1026 2996 1152 3062 ossibus
1175 2995 1320 3081 spiritum
1343 2995 1492 3061 contiuuo
1514 2996 1739 3078 reddiderunt,
1772 2995 1829 3061 alii
1852 3003 1924 3080 posi

237 3102 277 3168 31
303 3100 468 3186 paululum
492 3099 711 3165 exoleverunt.
751 3097 816 3164 Sed
839 3097 893 3181 qui
915 3098 974 3163 boc
997 3098 1178 3164 fabulosum
1201 3103 1302 3183 putat,
1325 3096 1477 3163 Vranium
1500 3098 1637 3163 Zenonis
1660 3099 1802 3181 legatum
1824 3097 1923 3163 inter·
1942 3120 1973 3163 as

303 3211 402 3285 roget,
429 3200 519 3267 cuius
542 3200 723 3286 praesentia
746 3200 916 3286 praecipuo
939 3208 1031 3284 gesta
1054 3207 1137 3283 sunt,
1166 3201 1224 3266 illa
1247 3199 1369 3266 scilicet
1391 3219 1507 3282 causa,
1534 3201 1610 3284 quia
1632 3201 1765 3266 venicus
1788 3200 1923 3266 Cartha-

304 3304 410 3389 ginem
434 3323 506 3371 sese
529 3323 585 3389 pro
608 3303 795 3370 defensione
818 3303 1024 3369 ecclesiarum
1047 3303 1276 3370 catholicarum
1291 3303 1419 3369 venisse
1441 3302 1594 3369 iactabat.
1634 3305 1675 3369 Et
1696 3311 1731 3368 ut
1752 3302 1801 3368 illi
1816 3312 1924 3369 osten-

303 3406 393 3473 deret
422 3413 578 3490 tyrannus
607 3406 765 3472 neminem
799 3405 987 3487 formidare,
1024 3405 1058 3471 in
1089 3406 1156 3471 illis
1189 3405 1307 3491 plateis
1339 3407 1391 3471 vel
1425 3405 1504 3471 vicis
1536 3406 1693 3490 pluriores
1725 3414 1858 3471 tortores
1892 3414 1924 3471 et

302 3509 495 3577 crudeliores
526 3508 652 3591 statuit,
684 3509 717 3574 in
746 3509 862 3592 quibus
890 3509 1006 3592 legatis
1035 3509 1131 3574 moris
1159 3517 1209 3574 est
1238 3509 1442 3574 ascendendo
1470 3508 1513 3575 ad
1542 3509 1697 3593 palatium
1727 3516 1759 3575 et
1788 3510 1923 3575 descen-

302 3611 407 3679 dendo
437 3613 587 3679 transire:
625 3611 667 3677 ad
690 3612 891 3697 obprobrium
914 3611 1064 3677 videlicet
1085 3612 1188 3697 ipsius
1210 3611 1405 3696 reipublicae
1428 3619 1461 3678 et
1481 3612 1516 3677 in
1537 3612 1635 3677 nostri
1657 3611 1721 3676 iam
1744 3611 1922 3677 deficientis
1942 3637 1972 3677 ιι

302 3715 453 3802 temporis
476 3715 608 3781 faecem.

237 3840 277 3906 33
388 3836 475 3901 Vlll.
501 3836 592 3902 'lunc
614 3833 710 3919 igitur
732 3842 764 3901 et
785 3832 942 3918 quaedam
966 3853 1045 3899 uxor
1066 3831 1233 3899 cuiusdam
1248 3834 1412 3900 cellaritae
1427 3834 1523 3918 regis,
1549 3834 1676 3919 nomine
1691 3835 1820 3919 Dagila,
1839 3855 1921 3919 quae

302 3939 497 4025 temporibus
520 3937 676 4005 Gaisorici
706 3936 888 4003 multotiens
917 3937 981 4001 iam
1004 3935 1168 4002 confessor
1189 3936 1354 4017 extiterat,
1389 3943 1533 4002 matrona
1562 3937 1678 4003 nobilis
1701 3937 1746 4005 'ac
1768 3937 1919 4020 delicata,

303 4040 442 4128 flagellis
465 4050 497 4109 et
519 4040 656 4108 fustibus
679 4039 805 4106 omuino
827 4038 1013 4120 debilitata,
1045 4038 1143 4104 exilio
1171 4038 1261 4103 arido
1283 4045 1315 4104 et
1335 4040 1421 4105 invio
1443 4041 1621 4123 relegatur,
1656 4040 1710 4107 ubi
1733 4041 1842 4107 nullus
1864 4041 1923 4106 ho-

303 4145 423 4212 minum
452 4145 531 4212 forte
561 4141 786 4210 consolationis
815 4141 918 4226 gratia
948 4140 1099 4208 veniendi
1128 4141 1262 4208 haberet
1287 4161 1468 4224 accessum,
1502 4143 1685 4227 relinquens
1708 4163 1781 4210 cum
1802 4142 1921 4227 gaudio
1940 4167 1971 4208 ιι

374 4508 384 4559 1
406 4507 489 4558 nauali
509 4503 551 4574 de]
570 4506 651 4555 aalide
671 4505 700 4566 li,
722 4504 828 4566 ualdsp
941 4503 1087 4569 iproxlma
1102 4521 1120 4568 p
1224 4505 1254 4553 ad
1272 4505 1419 4569 Hispaniam
1436 4519 1486 4554 om.
1506 4506 1577 4555 BLV
1678 4508 1819 4567 coniuglult
1836 4507 1922 4555 BRV:

303 4596 415 4658 tcuitrglt
441 4595 477 4657 Lp
495 4599 518 4643 at
536 4594 609 4658 culpo
747 4592 806 4654 qula
822 4590 918 4639 dictum
942 4589 970 4637 V¹
1107 4590 1168 4641 dlu
1186 4592 1285 4641 domiuo
1302 4595 1365 4640 mei:
1392 4594 1419 4639 lu
1437 4592 1536 4640 domino
1552 4601 1726 4655 permanentes
1749 4592 1788 4641 sd.
1808 4593 1885 4642 licie.

304 4682 462 4733 doulebrare
480 4679 619 4742 cougregati
637 4678 656 4724 l'
758 4676 928 4738 branbagiui
945 4677 983 4740 ltp
1086 4677 1210 4740 dixerltp
1315 4677 1558 4727 iluuotulssentli
1661 4677 1767 4728 Somne
1787 4678 1850 4738 BV¹,
1870 4693 1923 4728 om-

304 4768 386 4818 nlalt
489 4765 604 4815 dexteras
621 4780 638 4827 p
656 4768 678 4813 st
695 4764 769 4825 calpa
889 4763 1049 4814 abscidisset.
1080 4769 1106 4812 et
1124 4765 1215 4825 spiritu
1234 4762 1273 4825 lip
1393 4762 1525 4825 9loquuti
1542 4764 1592 4812 BV
1709 4767 1825 4814 locuntur
1842 4766 1888 4815 ta

307 4853 333 4906 11
355 4852 481 4916 repperiet
501 4849 572 4899 BRi'
706 4849 879 4899 subdiaconem
898 4847 981 4897 BLV:
1001 4848 1178 4899 subdiaconum
1197 4849 1235 4911 Bp
1375 4848 1405 4898 11
1424 4850 1502 4898 nimis
1518 4864 1536 4911 p
1666 4850 1697 4900 11
1714 4854 1808 4914 exequi
1826 4852 1888 4915 Ll'p

307 4939 337 4991 tt
354 4951 454 5003 qtroque
471 4951 554 4999 ess.p
658 4948 720 4998 quaa
738 4948 787 4988 em.
807 4935 855 4984 BV
955 4934 1122 4996 mrtsgiueli
1242 4933 1272 4983 l‘r'
1289 4934 1370 4983 dicere
1390 4935 1428 4997 lip
1531 4935 1605 4984 bodie
1622 4938 1713 4999 cuique
1730 4940 1888 5000 propositap

306 5023 336 5077 id
354 5029 452 5090 promtu
471 5023 515 5073 iil.
618 5020 809 5071 demonstratur.
836 5020 897 5071 Nam
914 5020 1008 5083 aliosp
1111 5023 1224 5070 manibus
1242 5021 1298 5069 allis
1315 5020 1363 5068 BV
1477 5020 1508 5071 19
1526 5029 1653 5071 truncatos
1670 5021 1707 5084 Lp
1828 5023 1862 5073 211
1880 5039 1923 5087 pa-

303 5111 335 5162 lis
354 5110 414 5160 lii':
434 5110 492 5173 pllls
512 5108 541 5169 b,
562 5108 667 5171 spatulis
686 5107 723 5170 Rp
741 5112 763 5156 et
781 5107 855 5168 culpo
957 5107 1093 5156 dimersum
1111 5106 1133 5155 Ι.
1236 5103 1269 5154 21
1287 5106 1438 5168 uadentem
1456 5107 1564 5155 BLRV:
1582 5109 1722 5171 pendentes
1737 5123 1755 5170 p
1772 5113 1795 5156 et
1812 5111 1888 5171 vulpe

302 5198 346 5263 qui
365 5190 562 5262 nonnumquam]
581 5193 729 5254 nonnulilp
832 5192 1124 5255 disruptisldpetesipo
1227 5191 1261 5242 33
1277 5201 1424 5241 οοιπιοιιιιιῑ
1438 5199 1497 5254 etp
1600 5193 1888 5244 alamannorum

303 5281 336 5336 tt
354 5281 465 5347 paullum
484 5279 668 5330 exbalauerunt
684 5278 723 5331 ed.
746 5279 820 5330 uam
943 5280 1058 5328 uranium
1077 5277 1161 5326 BLV:
1184 5280 1269 5327 aslum
1287 5278 1318 5339 B,
1338 5279 1466 5339 suiump
1585 5279 1619 5329 26
1636 5280 1708 5329 euius
1724 5283 1788 5328 mei:
1805 5282 1832 5329 iu
1849 5285 1922 5330 culus

302 5367 340 5423 sd.
363 5366 417 5418 dot.
439 5372 462 5417 si
479 5366 562 5428 cabo,
581 5370 607 5414 si
625 5363 662 5426 cs.
685 5365 719 5425 11,
740 5365 756 5414 3
774 5366 918 5428 praesentia
935 5366 989 5413 elus
1008 5383 1040 5408 ιι
1059 5376 1088 5412 so
1105 5370 1236 5425 praesente
1350 5365 1489 5413 eausamB
1600 5380 1682 5427 quap
1784 5367 1922 5428 sanbagird

306 5453 343 5520 ap
458 5449 490 5504 di
509 5457 538 5501 ut
555 5458 582 5501 et
600 5450 638 5513 ap
752 5448 785 5500 38
804 5450 929 5500 nemiuem
947 5449 1054 5500 atas.-
1073 5452 1198 5499 nemiuem
1216 5464 1243 5498 se
1259 5465 1284 5510 p,
1306 5463 1333 5499 aa
1351 5451 1477 5498 nerninem
1494 5449 1532 5499 sd.
1553 5450 1629 5518 litim
1734 5451 1762 5500 in
1779 5465 1827 5500 ossa.
1848 5452 1888 5513 Bp

303 5541 345 5592 asi
368 5550 453 5601 cumr
591 5536 712 5600 pluriores
736 5534 817 5583 aas:
843 5536 927 5598 piures
950 5535 988 5595 Lp
1005 5540 1028 5583 at
1045 5537 1133 5596 nubo,
1159 5534 1337 5595 epitomes,
1364 5535 1472 5596 lestap.
1493 5538 1543 5586 978
1680 5535 1713 5586 aa
1731 5537 1836 5586 ascendo
1857 5537 1889 5583 V¹

303 5622 496 5678 descandalii'l
600 5622 633 5672 30
652 5622 769 5671 uidelicet
784 5634 864 5683 cer.p
966 5622 1032 5670 etiu
1043 5621 1129 5670 BLV:
1147 5621 1345 5684 etlipsteaipo
1448 5622 1598 5670 uostrisBV
1698 5622 1728 5672 31
1749 5625 1888 5672 secerneres·

304 5710 336 5765 bd
355 5710 492 5774 tallatltip
596 5708 713 5771 dagillum
732 5708 777 5770 qul
795 5706 825 5767 11,
846 5706 931 5768 dagllll
948 5708 1026 5769 quip
1130 5705 1163 5755 33
1181 5707 1337 5767 geysiricili
1439 5708 1588 5757 multociens
1610 5707 1630 5755 l'
1731 5710 1855 5759 conium
1871 5711 1894 5758 B

1963 5063 1977 5096 Ι
