4440 6276
1052 429 1280 485 Psoosnlvn.

596 657 785 718 Matritensis
809 657 825 714 ⁴t
853 675 892 714 ns.
1104 656 1296 717 Matritensis
1319 658 1340 717 2
1363 674 1403 715 m.
1680 655 1836 715 Oreteosis

356 774 406 838 llI
428 776 491 838 280
515 774 681 857 dominosq
696 825 726 837 ..
753 774 774 837 b
791 823 971 837 ........
1019 772 1164 839 dominos
1187 772 1329 840 humeris
1353 794 1438 840 nnuc
1527 771 1737 854 dominosque
1758 771 1884 837 Avares
1906 789 1992 836 nune

1062 877 1146 943 ferre
1169 885 1281 961 parata
1569 874 1675 960 patria
1698 873 1796 940 ferret

428 982 489 1044 ast
514 988 629 1064 pontes
1022 987 1131 1062 postes
1528 985 1643 1064 pontes

425 1085 486 1146 stt
511 1083 592 1148 uidit
615 1084 674 1148 sub
697 1081 815 1149 nostris
837 1080 976 1146 humiles
1022 1081 1101 1147 uidit
1116 1102 1175 1167 per
1190 1090 1314 1148 nostros
1329 1081 1436 1146 humi·
1524 1081 1606 1146 vidit
1628 1082 1688 1146 sub
1710 1079 1829 1146 nostris
1849 1078 1990 1144 humiles

548 1186 731 1268 fractosque
754 1184 932 1269 triumphos
1062 1185 1111 1251 les
1124 1185 1290 1268 fastosque
1303 1183 1481 1269 triumphos
1568 1184 1751 1267 fractosque
1774 1183 1945 1268 triumphis
2009 1186 2017 1200 ‘

424 1290 487 1352 350
510 1296 602 1372 grate
707 1289 717 1311 ’
1016 1289 1118 1372 gratis
1520 1295 1612 1371 grate

350 1407 475 1474 Ceteris
497 1409 644 1473 omnibus
667 1408 763 1475 loeis.
790 1407 818 1472 si
840 1429 938 1473 unum
961 1408 1146 1491 exceperis.
1180 1417 1247 1472 tam
1269 1408 1389 1491 exigna
1410 1407 1494 1473 inter
1516 1427 1571 1473 eos
1594 1406 1778 1473 differentia
1799 1404 1981 1484 intercedit,

349 1538 385 1594 ut
412 1537 468 1594 aut
490 1528 684 1594 Oretensem
707 1548 725 1592 e
748 1527 927 1593 Matritensi
949 1527 1089 1593 nondum
1112 1536 1251 1593 correcto
1274 1535 1330 1592 aut
1352 1528 1466 1594 eodem
1489 1536 1658 1611 utrumqne
1687 1525 1884 1611 descriptum
1914 1544 1984 1590 cre-

351 1646 427 1714 dere
450 1648 555 1734 possis
577 1669 619 1713 ex
641 1647 835 1732 archetypo.
869 1647 960 1713 cuius
983 1669 1002 1712 a
1025 1648 1162 1714 lectione
1185 1647 1291 1713 scriba
1313 1647 1408 1714 modo
1431 1648 1483 1714 bie
1507 1647 1600 1714 modo
1622 1647 1679 1712 ille
1706 1647 1793 1713 oculi
1822 1646 1982 1712 salamine

350 1768 446 1853 lapsu
475 1768 643 1853 paululum
673 1767 883 1833 aberraverit.
930 1768 996 1833 Sed
1019 1789 1082 1833 nno
1104 1769 1137 1832 in
1160 1770 1257 1834 verbo
1281 1768 1478 1834 Matritensis
1500 1776 1532 1832 et
1554 1767 1726 1833 Oretensis
1747 1786 1879 1851 prorsus
1899 1766 1985 1831 inter

351 1907 388 1954 se
412 1887 615 1974 discrepant:

817 2012 1007 2072 Matritensis
1351 2012 1507 2072 Oretcasis

571 2111 620 2175 Ill
643 2114 706 2175 ’276
863 2112 959 2195 plene
1389 2119 1467 2196 potu

349 2265 377 2329 Ε
405 2264 543 2330 lectione
572 2266 732 2348 genuina.
764 2285 862 2347 qnam
885 2265 1081 2331 Matritensis
1112 2285 1260 2331 servasse
1290 2265 1433 2343 ridetur,
1466 2264 1593 2330 scribae
1623 2263 1718 2328 unius
1748 2283 1855 2331 errore
1877 2265 1980 2330 altera

347 2385 418 2452 illa.
442 2405 541 2468 quam
563 2384 734 2450 Oretensis
756 2384 920 2452 exhibuit.
946 2385 1038 2450 nasci
1059 2386 1115 2450 rix
1137 2386 1251 2470 potuit.
1297 2384 1370 2462 Qua
1392 2404 1428 2450 re
1451 2404 1610 2470 perpensa
1632 2383 1749 2448 librum
1772 2371 1978 2468 ovetensem,

349 2514 386 2571 ut
405 2505 571 2571 bominum
593 2505 793 2588 cognationis
815 2505 998 2570 nominibus
1020 2515 1103 2570 utar.
1129 2505 1325 2571 Matritensis
1346 2525 1406 2570 nec
1428 2504 1529 2569 tilium
1552 2524 1612 2570 nec
1627 2503 1771 2585 fratrem
1798 2504 1858 2569 sed
1872 2504 1981 2570 frana

347 2623 486 2690 forsitan
506 2624 609 2689 filium
631 2623 733 2689 fuisse
763 2625 918 2710 suspicor.
966 2625 1094 2691 Certius
1123 2626 1223 2690 multo
1252 2622 1293 2690 de
1323 2624 1499 2705 affinitate,
1531 2643 1616 2706 qnae
1644 2624 1729 2688 inter
1756 2622 1884 2690 codices
1913 2623 1983 2689 sin-

346 2745 442 2829 gulos
463 2741 660 2810 intercedat.
691 2743 924 2810 indicaremus.
951 2745 980 2809 si
1002 2745 1218 2828 fragmentum
1241 2745 1401 2810 Oretense
1424 2745 1530 2828 ipsum
1552 2743 1712 2827 inspicere
1734 2743 1980 2827 accuratiusque

347 2865 533 2931 examinare
556 2883 736 2949 possemus.
776 2864 870 2929 Nunc
893 2865 996 2930 Ruizii
1018 2865 1052 2929 in
1074 2864 1334 2931 adnotationibus
1357 2864 1436 2929 solis
1456 2863 1569 2943 innixi,
1595 2862 1675 2946 quid
1697 2863 1767 2929 veri
1788 2863 1831 2929 sit
1852 2863 1982 2928 similli-

347 3005 447 3050 mum.
472 2985 632 3068 reperisse
655 2984 735 3049 satis
756 2983 960 3049 habebimus.

432 3106 653 3169 Transeamus
696 3103 739 3169 ad
775 3103 903 3169 codices
939 3105 1148 3189 interpolatos
1186 3108 1402 3168 Scatone-asem
1439 3113 1472 3169 et
1508 3107 1748 3167 tormentioaam
1785 3123 1875 3170 saec.
1914 3104 1980 3168 XII

347 3225 430 3311 plut.
456 3231 508 3290 «lb.
535 3227 576 3288 26
600 3224 656 3290 fol.
686 3229 764 3288 115.
796 3223 853 3306 qui
875 3223 1001 3290 Sidonii
1028 3225 1224 3289 carminibus
1253 3225 1398 3290 adiectos
1422 3243 1535 3290 uersus
1558 3222 1734 3308 Corippeos
1757 3223 1982 3307 duodeviginti

347 3344 399 3410 111
420 3346 593 3408 arr-tss
623 3344 805 3423 continent,
843 3345 962 3427 quibus
990 3344 1103 3410 titulus
1131 3345 1295 3429 praefixus
1325 3352 1375 3410 est
1404 3345 1438 3408 in
1467 3342 1664 3408 santonensi
1704 3344 1870 3429 ‘Epistola
1896 3344 1985 3428 regis

348 3466 492 3529 Avarum
513 3464 557 3528 ad
579 3464 806 3549 imperatorem
827 3465 1034 3529 Romanum'.
1067 3465 1100 3529 in
1123 3465 1341 3530 laurentiano
1366 3463 1529 3550 ‘Epistola
1551 3464 1638 3546 regis
1659 3464 1838 3530 Aratornm
1861 3463 1984 3530 directa

348 3582 393 3648 ad
429 3583 657 3668 imperatorem
694 3585 938 3650 Romanorum.
985 3585 1053 3650 Hoc
1089 3585 1221 3669 Corippi
1256 3584 1473 3667 fragmentum
1508 3603 1526 3649 e
1563 3582 1758 3649 Santonensi
1792 3583 1858 3648 iam
1892 3584 1985 3650 Elias

345 3703 501 3771 binetus.
533 3723 553 3769 e
575 3704 793 3770 laurentiano
814 3704 938 3789 primus
959 3704 1225 3770 Bartholomaeus
1247 3704 1431 3790 Kopitarw)
1464 3703 1552 3788 tppis
1574 3704 1746 3787 expressit.
1792 3704 1985 3771 Laurentia-

346 3844 422 3889 num
445 3822 564 3890 deinde
586 3824 703 3889 iterum
725 3825 884 3889 Aemilius
905 3824 1072 3889 Baehrens
1083 3828 1108 3868 ¹⁷
1126 3877 1133 3890 .
1159 3824 1300 3907 denique
1322 3824 1419 3889 buius
1441 3823 1591 3889 editionis
1612 3824 1646 3887 in
1668 3843 1762 3888 nsum
1783 3823 1888 3890 amieo
1908 3844 1983 3890 meo

345 3943 487 4010 Artbnro
499 3942 688 4010 Luduicbio
703 3922 921 4010 intercedente
937 3944 1152 4028 Hieronymus
1164 3944 1327 4012 Vitellius.
1341 3943 1504 4029 professor
1512 3942 1750 4009 illustrissimus
1761 3944 1979 4010 Florentium.

347 4061 523 4147 diligenter
544 4064 699 4131 excussit·
745 4064 957 4129 Samonensis
986 4073 1018 4129 et
1039 4065 1275 4130 Laurentianus
1305 4072 1341 4129 ut
1366 4064 1450 4130 inter
1471 4083 1507 4129 se
1529 4063 1660 4148 egregie
1683 4063 1905 4145 consentiunt,
1935 4064 1983 4130 ita

345 4183 649 4269 interpolationibus
676 4183 836 4266 inquinati
864 4205 884 4248 a
916 4184 1079 4250 ueteribus
1106 4185 1173 4250 illis
1201 4184 1328 4249 duobus
1357 4183 1537 4251 codicibus.
1570 4183 1751 4249 Matritensi
1771 4191 1806 4249 et
1825 4182 1982 4250 Oratam

344 4323 542 4389 magnopere
572 4304 736 4369 differunt.
782 4304 851 4369 Nec
881 4324 958 4369 vero
987 4305 1168 4370 accuratius
1202 4305 1358 4370 lectiones
1391 4305 1499 4369 sarias
1531 4303 1779 4388 perlustrantem
1812 4303 1983 4370 affinitatis

346 4423 534 4488 cuiusdam.
569 4443 655 4506 quae
684 4422 812 4490 codices
841 4423 1052 4508 interpolatis
1081 4444 1153 4489 cum
1181 4424 1335 4491 Oretensi
1364 4425 1486 4508 iungit.
1522 4423 1662 4507 vestigia
1690 4444 1792 4509 parra
1820 4424 1977 4489 latebunt.

344 4543 473 4610 Mandis
502 4544 631 4628 paucis.
664 4565 749 4627 quae
779 4545 812 4609 in
834 4543 1055 4610 Matritensem
1084 4545 1300 4630 irrepserunt.
1333 4552 1366 4609 et
1388 4544 1559 4609 Osetens'ns
1589 4550 1622 4608 et
1643 4543 1829 4629 interpolati
1851 4543 1979 4610 oodiees

344 4672 455 4729 carent
475 4670 508 4728 ct
530 4683 626 4729 versu
648 4665 698 4728 III
720 4665 801 4729 tto.
834 4665 867 4729 in
889 4685 952 4747 qno
974 4664 1147 4730 Osetensis
1168 4685 1188 4728 a
1211 4664 1409 4730 Matritensis
1437 4663 1573 4730 lectione
1602 4662 1748 4743 aberrat,
1781 4665 1913 4751 propias
1933 4664 1979 4730 ad

345 4782 520 4849 aroensis
542 4783 711 4849 lectionem
734 4784 918 4870 interpelati
940 4785 1015 4850 libri
1036 4783 1205 4850 accedunt.

501 4926 691 4986 Matritensis
870 4926 1028 4986 Oneratas
1215 4925 1415 4985 Sorrtrsrrcusis
1592 4925 1822 4985 Lortreatiooas

543 5042 639 5126 plene
909 5054 985 5127 potu
1258 5042 1362 5126 potuit
1653 5042 1767 5126 potuit.

275 5240 280 5245 .
343 5178 379 5242 Si
401 5177 610 5244 fundamento
632 5190 699 5243 tam
722 5188 860 5263 angusto
882 5179 924 5243 ad
947 5182 1170 5264 cognationem
1193 5179 1338 5244 codicum
1357 5179 1578 5263 indagandam
1594 5179 1639 5244 uti
1654 5179 1754 5245 licet.
1767 5179 1978 5266 interpolatos

432 5455 463 5503 lb
493 5456 696 5504 Bartholomaeus
714 5457 829 5519 liopitar.
850 5456 968 5516 Hesp-enti
985 5458 1155 5519 glossographi
1172 5457 1312 5517 discipulus
1329 5468 1355 5504 et
1373 5454 1575 5524 ἐπηλωεππῂ
1594 5458 1692 5506 Russus
1709 5461 1737 5506 iu
1754 5461 1809 5521 ipsa
1826 5457 1976 5508 Constanti-

343 5541 511 5603 sepelisset.
532 5542 689 5591 xit-xm.
728 5544 890 5591 vindobonae
911 5542 975 5591 {sss
993 5557 1018 5603 p.
1038 5544 1081 5591 ιὶό.
1120 5542 1184 5590 fam
1208 5543 1299 5590 librum
1323 5545 1391 5592 banc
1416 5545 1499 5604 ipsum
1523 5546 1648 5606 inspicere
1665 5544 1728 5592 mihi
1745 5556 1874 5607 nunqua
1892 5547 1977 5593 tuti·

343 5629 415 5686 gerit.
436 5640 522 5688 pauca.
542 5642 608 5689 quae
624 5629 656 5676 de
674 5643 704 5676 eo
720 5628 827 5677 (licenda
845 5630 907 5676 mibi
924 5642 1004 5677 emur.
1025 5644 1057 5677 ex
1077 5630 1180 5690 llauptii
1198 5629 1331 5690 Opustulis
1351 5630 1386 5677 lll
1406 5644 1430 5691 p.
1452 5630 1502 5679 31⁰
1520 5631 1671 5692 depmmpst.

432 5713 460 5761 li
494 5713 524 5761 E.
545 5714 671 5762 hebreus
691 5715 931 5764 llandsebriitltrbes
951 5730 983 5764 ru
1001 5716 1131 5778 farippus.
1169 5716 1259 5764 llbein.
1280 5716 1348 5766 Mas.
1369 5716 1399 5764 X.
1421 5716 1449 5764 l'.
1470 5717 1554 5765 mr
1573 5732 1597 5779 p.
1617 5716 1678 5766 ssu.
