4440 6276
292 393 431 459 XXXIV
985 385 1213 441 anooumvu.

296 616 419 681 codices
442 620 570 689 nutant,
602 632 732 695 quorum
755 611 809 674 alii
833 610 1001 691 Vineeuse,
1027 609 1083 673 alii
1106 609 1300 690 Virecense,
1327 608 1382 673 alii
1405 608 1561 673 luncense
1584 608 1659 672 litus
1681 607 1911 689 exhibent¹⁵²).

296 735 385 800 Alios
407 734 492 818 apud
515 732 684 817 scriptores
706 731 815 815 oppidi
837 730 1004 795 vincensis
1027 728 1197 811 vestigium
1222 736 1340 792 certum
1368 728 1509 810 nullum,
1542 727 1680 810 vestigia
1707 735 1814 792 autem
1844 746 1939 831 cer-¹

296 854 418 918 tissima
440 852 548 936 oppidi
570 851 735 916 Iuncensis
758 849 883 927 inveni,
910 849 995 932 quod
1017 868 1080 913 non
1103 847 1196 912 modo
1220 848 1347 932 scriptis
1369 847 1597 914 ecelesiasticis
1619 847 1823 927 Latinis¹⁵³),
1855 847 1916 912 sed

297 993 317 1036 a
340 972 470 1037 Graecis
493 971 588 1036 etiam
611 970 816 1055 scriptoribus
838 978 1047 1047 memoratur,
1081 968 1134 1050 qui
1165 968 1342 1033 litterarum
1366 967 1544 1032 confusioni
1566 967 1615 1033 illi
1641 967 1684 1049 (iu
1698 996 1741 1021 =
1755 966 1797 1049 ui}
1825 966 1916 1032 haud

297 1091 422 1156 obnoxii
451 1110 565 1155 nomen
592 1086 692 1174 ’lodaq
722 1090 775 1154 vel
800 1085 920 1173 'lod-,aq
951 1088 1065 1153 melius
1095 1090 1374 1168 se1aaveruntuq.
1416 1084 1471 1152 lle
1501 1087 1563 1152 situ
1589 1086 1698 1171 oppidi
1719 1085 1815 1152 buius
1836 1087 1915 1152 lun-

295 1212 399 1276 censis
420 1209 496 1293 quid
518 1216 642 1275 veteres
663 1208 870 1290 tradiderint,
902 1206 1062 1290 indagans
1093 1227 1163 1272 eum
1193 1207 1226 1271 in
1249 1207 1376 1291 scriptis
1399 1206 1625 1272 ecclesiasticis
1646 1207 1848 1291 Byzacenam
1870 1206 1914 1271 ad

297 1330 489 1415 provinciam
517 1328 707 1414 pertinuisse
737 1328 863 1407 inveni,
896 1334 963 1391 tum
991 1327 1138 1410 Procopii
1169 1347 1186 1392 e
1217 1328 1285 1391 loco
1311 1334 1435 1392 tantum
1464 1326 1596 1409 collegi,
1629 1326 1781 1410 oppidum
1812 1326 1914 1392 fuisse

295 1448 485 1514 maritimum
509 1449 638 1533 Byzacii
667 1447 901 1525 meridionalis,
935 1446 1019 1529 quod
1048 1467 1069 1510 a
1090 1447 1303 1531 promontorio
1325 1444 1448 1530 Capitis
1470 1445 1630 1510 Vadomm
1653 1446 1818 1512 meridiem
1840 1467 1915 1512 ver-

296 1588 350 1634 sus
378 1568 480 1652 spatio
508 1568 595 1633 baud
625 1587 723 1652 parvo
753 1567 959 1647 tristaretur).
1014 1566 1137 1631 Tamen
1166 1566 1321 1650 oppidum
1349 1566 1409 1631 hoo
1437 1566 1593 1631 luncense
1623 1566 1723 1631 litoris
1752 1566 1914 1649 Byzaceni

295 1709 367 1753 cum
390 1688 545 1773 Corippeo
574 1688 630 1752 illo
658 1687 774 1771 oppido
796 1685 947 1751 Vinccnsi
977 1686 1029 1751 vel
1052 1686 1201 1751 Iuncensi
1231 1687 1344 1751 eodem
1373 1686 1406 1750 in
1428 1687 1518 1751 litore
1542 1686 1602 1751 sito
1624 1685 1820 1751 confundere
1848 1706 1914 1751 non

296 1807 463 1881 auderem,
495 1807 558 1872 nisi
588 1806 742 1872 Ferrandi
772 1807 841 1871 loco
869 1805 1050 1870 accuratius
1080 1807 1278 1888 examinato,
1312 1806 1367 1870 ubi
1397 1805 1549 1890 oppidum
1572 1806 1730 1872 Vincense
1758 1806 1810 1871 vel
1835 1806 1914 1870 Iun·

296 1946 390 1992 oense
418 1927 459 1990 ab
490 1946 526 1993 eo
555 1934 764 1991 memoratum
793 1925 905 2003 fuerit,
939 1934 971 1991 et
999 1926 1084 2009 quod
1112 1945 1197 1991 nune
1226 1926 1295 1991 eius
1324 1926 1493 1991 ruderibus
1522 1946 1637 1990 nomen
1665 1927 1722 2007 sit,
1756 1926 1914 2009 indagare

215 2130 217 2134 .
296 2045 374 2111 mihi
408 2046 601 2129 contigisset.
648 2046 789 2128 Egregia
822 2045 922 2110 litoris
945 2046 1103 2128 Byzaceni
1138 2045 1310 2130 descriptio
1343 2046 1423 2111 haec
1455 2046 1543 2130 apud
1574 2045 1771 2111 Ferrandum
1804 2053 1909 2112 extat:

299 2167 374 2231 ‘Est
395 2203 438 2212 -
458 2165 560 2248 inquit
582 2203 622 2212 —
645 2166 678 2230 in
701 2165 805 2229 medio
827 2164 939 2228 uadosi
962 2166 1058 2229 maris
1082 2166 1153 2230 sinu
1183 2165 1408 2231 monasterium
1431 2166 1579 2231 luncensi
1607 2166 1692 2231 litori
1720 2166 1910 2250 proximum,

295 2286 488 2351 Bennefensi
518 2293 623 2350 autem
654 2285 795 2348 maxima
824 2305 864 2348 ex
893 2292 983 2368 parte
1011 2285 1211 2367 contignum,
1244 2285 1299 2350 ubi
1328 2304 1430 2368 neque
1460 2284 1567 2349 hortos
1597 2286 1700 2350 colere
1729 2286 1914 2370 parvissimi

294 2405 416 2490 scopuli
439 2406 531 2470 limes
553 2405 630 2470 sinit
651 2411 825 2486 angustus,
858 2423 961 2486 neque
991 2404 1069 2487 ligni
1099 2405 1151 2469 vel
1181 2404 1331 2488 potabilis
1361 2424 1464 2487 aquae
1487 2405 1659 2469 consolatio
1681 2405 1795 2471 saltem
1819 2406 1915 2471 mini-

295 2533 412 2591 stratur
433 2525 567 2609 exigua,
601 2522 658 2588 sed
688 2523 733 2587 rei
761 2523 923 2604 utriusque
946 2543 1002 2607 per
1024 2523 1230 2588 brevissimas
1252 2524 1418 2589 naviculas
1440 2524 1582 2607 quotidie
1605 2524 1797 2590 sufficientia
1817 2546 1915 2610 prae-

294 2647 448 2729 paratur'.
496 2643 565 2721 Quo
586 2643 619 2707 in
642 2643 833 2706 monasterio
863 2641 984 2724 degens
1007 2643 1198 2725 Fulgentius
1232 2646 1289 2708 ‘cx
1312 2644 1489 2726 palmarum
1513 2643 1598 2708 foliis
1620 2642 1765 2709 flabellos
1788 2645 1914 2729 saepis-

293 2764 373 2829 sime
396 2764 609 2828 contexebat'.
658 2761 749 2826 Notis
777 2763 827 2826 his
857 2763 1024 2827 uberrimis
1046 2763 1210 2828 Iuncensis
1237 2762 1338 2827 litoris
1361 2764 1440 2828 situs
1462 2764 1544 2828 bene
1567 2762 1744 2829 denotatur.
1792 2764 1913 2843 Quam-

293 2905 388 2967 quam
416 2891 482 2949 tota
503 2882 634 2966 Byzacii
663 2881 883 2947 meridionalis
911 2902 967 2947 ora
995 2883 1078 2948 inter
1100 2882 1264 2947 Cercinam
1294 2891 1325 2948 et
1347 2885 1498 2967 Tacapen
1528 2891 1662 2948 extensa
1690 2884 1810 2949 vadoso
1832 2884 1914 2948 mari

295 3004 411 3070 infesta
433 3002 569 3068 navibus
592 3010 651 3084 est,
677 3009 795 3082 tamen,
821 3002 876 3084 qui
899 3002 989 3066 sinus
1011 3002 1112 3066 litoris
1135 3002 1203 3067 eius
1226 3003 1390 3088 scopulum
1412 3003 1700 3087 monasteriumque
1716 3026 1736 3069 a
1750 3003 1913 3069 Ferrando

296 3123 488 3207 descriptum
512 3121 711 3201 continuerit,
736 3122 848 3186 tabula
869 3121 1085 3205 geographica
1106 3121 1251 3205 inspecta
1272 3142 1365 3186 nemo
1387 3123 1537 3205 ambiget.
1578 3123 1695 3188 Nullus
1711 3125 1794 3189 enim
1810 3123 1915 3208 Syrtis

296 3242 426 3307 minoris
455 3242 552 3307 totius
582 3241 671 3306 sinus
700 3241 824 3304 insulas
853 3242 1009 3319 minutas,
1044 3243 1190 3325 scopulos
1219 3262 1305 3325 aqua
1332 3249 1494 3325 carentes,
1527 3263 1586 3308 nec
1616 3243 1706 3309 silvis
1735 3264 1793 3309 nec
1815 3244 1916 3310 bortis

296 3362 491 3428 sufficientes
521 3360 659 3425 continet
688 3360 751 3424 nisi
780 3360 826 3441 is,
860 3361 914 3443 qni
947 3361 1028 3444 ‘bay
1051 3361 1086 3425 of
1105 3356 1276 3426 Surk'cnis’
1306 3363 1339 3426 in
1368 3362 1478 3426 tabula
1500 3363 1637 3446 Anglica
1658 3364 1913 3445 nominaturus.

296 3483 424 3546 Insulae
448 3481 603 3545 Surkenis
632 3478 728 3544 hodie
756 3478 902 3544 desertae
926 3486 1015 3557 sunt,
1050 3480 1107 3544 sed
1136 3481 1170 3544 in
1198 3482 1327 3566 scopulo
1357 3500 1514 3565 perparvo
1540 3482 1669 3548 aedium
1698 3485 1911 3566 antiquarum,

295 3599 491 3681 monasterii,
516 3600 549 3663 ni
572 3599 677 3680 fallor,
704 3597 908 3663 elenando
930 3599 1096 3664 memorati
1118 3599 1233 3665 rudera
1257 3604 1438 3683 extantus.
1479 3603 1548 3667 Iam
1570 3624 1654 3685 vero,
1682 3605 1708 3668 si
1731 3605 1816 3669 litori
1837 3605 1915 3668 Iun-

295 3721 383 3787 censi
405 3721 456 3785 vel
479 3717 629 3783 Vincensi
651 3718 829 3801 proximum
852 3718 952 3783 fuisse
976 3716 1080 3782 sinum
1103 3718 1274 3795 vadosum,
1307 3721 1339 3784 in
1369 3742 1431 3802 quo
1460 3724 1684 3789 monasterium
1713 3724 1796 3790 illud
1817 3725 1914 3790 situm

296 3848 392 3922 esset,
419 3837 620 3904 meminimus
641 3837 804 3921 litorisque
827 3838 941 3903 insulis
956 3838 1111 3902 Surlrenis
1134 3838 1229 3903 vicini
1252 3841 1323 3904 loca
1346 3839 1532 3924 oppidorum
1555 3844 1754 3927 antiquomm
1770 3845 1915 3927 reliquiis

295 3979 468 4044 conspersa
492 3958 719 4043 perquirimus,
746 3958 922 4041 propiorem
945 3958 1068 4022 nullum
1091 3958 1270 4024 invenimus
1293 3979 1388 4040 quam
1411 3961 1497 4025 Kasr
1517 3962 1625 4045 Vnga,
1652 3965 1705 4047 qui
1728 3966 1816 4030 locus
1839 3984 1914 4050 sep-

293 4081 482 4145 tentrionem
513 4098 625 4143 versus
648 4098 689 4141 m.
717 4098 747 4160 p.
775 4077 806 4140 X
836 4078 876 4142 ab
903 4078 1009 4141 insula
1031 4078 1186 4142 Surkenis
1209 4079 1380 4159 distatbi).
1427 4080 1487 4145 Hic
1509 4082 1660 4166 oppidum
1683 4085 1838 4151 Iuncense
1860 4086 1913 4150 vel

296 4296 539 4305 ——-—-..-.--...
546 4296 575 4301 -.
590 4296 647 4301 --...
657 4295 705 4300 .--

383 4440 439 4502 182)
459 4441 578 4488 Ferrand.
599 4441 642 4487 rit.
665 4439 794 4498 Fulgentii
813 4438 874 4486 xlv
893 4438 934 4488 29.

383 4541 438 4603 183)
462 4543 536 4590 Locos
561 4556 659 4601 omnes,
686 4543 778 4602 quibus
802 4541 919 4602 oppidum
945 4542 1082 4603 episcopale
1107 4541 1243 4604 lunceuse,
1272 4543 1403 4591 concilium
1427 4544 1550 4593 luneeuse
1573 4547 1602 4593 ab
1627 4548 1749 4608 episcopis
1771 4549 1913 4610 provinciae

294 4629 434 4687 byzacenae
447 4642 469 4676 a.
484 4627 533 4676 524
546 4628 668 4686 habitum,
688 4628 798 4689 episcopi
811 4627 948 4676 Iuneenses
967 4633 1083 4688 quattuor
1101 4636 1276 4690 memorantur,
1298 4629 1432 4687 diligenter
1443 4631 1542 4692 collegit
1554 4631 1672 4679 Marcelli.
1699 4634 1782 4681 Africa
1795 4633 1883 4682 Christ.
1901 4635 1911 4681 l

293 4731 319 4778 p.
343 4713 398 4763 192.
416 4712 472 4764 193.

382 4816 437 4878 184)
458 4817 525 4866 Proc.
547 4817 572 4864 b.
593 4815 673 4863 Vand.
695 4815 706 4861 l
727 4814 756 4863 15
773 4806 868 4882 'indeq
906 4815 1000 4864 Notitla
1024 4818 1209 4879 episcopatuum
1228 4817 1321 4865 Graeca
1345 4831 1401 4865 cum
1419 4819 1542 4867 llieroclis
1561 4819 1712 4878 Synccdemo
1736 4822 1803 4870 editu
1820 4838 1835 4869 a
1853 4823 1913 4870 Pin-

293 4903 349 4951 dero
367 4910 393 4951 et
411 4903 530 4962 Partheyo
547 4901 657 4949 Berolini
677 4899 742 4950 1866
760 4915 785 4962 p.
802 4899 842 4950 18.
878 4893 981 4970 'lod-paq
1004 4896 1137 4972 (Ὲπαρχία
1154 4897 1305 4969 Βνίακίης).

380 5007 435 5069 185)
457 5007 525 5054 Proo.
545 5007 570 5053 1).
591 5004 672 5052 Vand.
693 5006 705 5052 1
726 5004 756 5054 15
775 5005 911 5053 archelaus
929 5019 961 5053 ne
980 5005 1009 5053 ad
1028 5005 1108 5068 Caput
1126 5007 1254 5056 Vadorum
1272 5007 1408 5055 Belisarius
1426 5021 1501 5055 neves
1519 5009 1641 5071 appellnt,
1662 5010 1810 5058 dissuadens
1827 5006 1845 5076 ἢ
1864 5007 1913 5060 οὐκ

290 5089 418 5161 ἀκηκόατε
437 5119 471 5128 -
488 5093 571 5153 inquit
589 5117 623 5125 -
641 5088 676 5145 ὡς
699 5087 794 5158 ταύτην
819 5089 865 5156 μὲν
888 5088 934 5157 τήν
960 5088 1038 5158 ἀκτὴν
1064 5090 1136 5142 ἐννέα
1153 5090 1257 5160 ἡμερῶν
1278 5090 1353 5152 ὁδὸν,
1377 5090 1444 5160 λέγω
1464 5091 1491 5144 δὲ
1510 5091 1545 5150 εἰς
1560 5087 1662 5162 Ἰοΰκην
1682 5092 1712 5146 ἐκ
1731 5089 1911 5167 Καρχηδόνος,

290 5175 442 5229 κατατείνειν
462 5175 546 5247 φασὶν,
567 5173 685 5241 stipato
703 5191 731 5225 τε
750 5173 880 5233 παντελῶς
899 5173 975 5228 οὖσαν
993 5175 1107 5234 καὶτοῖς
1125 5175 1227 5244 ἀνέμοις
1246 5174 1305 5228 ὅθεν
1325 5174 1355 5228 ἂν
1375 5177 1549 5230 tremebam-a
1568 5179 1735 5248 ἐκκειμένηνς

380 5280 434 5341 1861
457 5280 589 5330 Mebedtalr
606 5287 632 5328 to
650 5280 698 5327 Res
717 5279 863 5328 llakhaboz.
884 5281 988 5328 Londou
1005 5281 1141 5342 published
1159 5288 1185 5330 ut
1203 5281 1246 5330 the
1264 5283 1401 5342 Admiralty
1421 5280 1463 5329 bth
1481 5284 1565 5332 llarch
1586 5283 1660 5334 1861.
1681 5285 1726 5334 No.
1746 5284 1805 5334 249.

378 5382 432 5443 181)
455 5384 486 5431 ln
504 5385 596 5444 exigua
613 5383 720 5445 quadam
738 5396 770 5431 en
788 5384 880 5431 insulis
898 5383 1021 5432 Surlrenis
1039 5385 1124 5432 tabula
1142 5385 1247 5445 anglica
1268 5387 1366 5433 ‘ruins’
1384 5392 1460 5435 notat.

378 5485 434 5546 188)
455 5487 519 5534 Kasr
537 5489 609 5547 Vaga
627 5486 744 5535 viderunt
761 5493 787 5535 et
807 5488 993 5549 descripserunt
1010 5487 1138 5536 Grenvillc
1157 5489 1269 5549 Temple.
1300 5489 1451 5537 Excursions
1469 5491 1496 5538 ln
1515 5491 1558 5539 the
1576 5491 1784 5540 Mediterraneum
1811 5491 1912 5552 Algicrs

289 5572 337 5619 and
352 5572 439 5620 Turris.
467 5574 567 5621 Loudon
584 5571 685 5621 183511
703 5587 728 5634 p.
746 5572 802 5621 1211.
820 5572 876 5621 121.
908 5574 938 5620 V.
954 5573 1050 5622 (ludria
1064 5574 1161 5634 Voyage
1174 5576 1239 5623 arch.
1257 5575 1317 5622 dans
1330 5575 1354 5622 la
1367 5577 1416 5635 ra‘g.
1432 5577 1463 5625 de
1478 5576 1617 5639 Tunlslp.
1637 5575 1693 5625 182.
1711 5576 1767 5626 188.
1797 5579 1910 5626 Aliarum

289 5658 389 5706 aedium
408 5659 474 5705 inter
492 5660 579 5707 rudera
597 5660 713 5706 basilicae
733 5659 865 5718 Byzantius
885 5660 949 5706 muri
967 5661 1112 5708 etiamnunc
1129 5661 1250 5708 eminent.
