4440 6276
1019 432 1167 488 (lOltiPPi

671 630 705 686 tu
729 642 821 711 reges
844 622 963 688 servire
986 622 1077 688 lacis.
1125 621 1167 687 da
1190 641 1283 706 posse
1305 621 1440 703 volenti,

674 735 707 789 ut
730 725 845 789 faciam
869 726 1026 810 placitura
1047 726 1132 791 tibi'.
1179 726 1328 810 placuere
1351 725 1476 809 parenti

674 828 794 892 orantis
817 828 871 911 pia
892 829 991 893 verba
1013 829 1090 909 riri⁷
1116 828 1308 911 genitusque
1331 827 1473 911 precanti

675 930 802 1012 adnuit,
830 937 862 996 et
883 939 1011 996 sanetus
1038 933 1215 1014 ‘regnato’i
1245 931 1375 1015 spiritus
1397 930 1510 1012 inquit.

570 1048 580 1083 ἰ
678 1055 738 1098 vox
761 1054 878 1099 arcana
901 1034 953 1099 dei
976 1035 1076 1117 gestis
1098 1034 1133 1098 fit
1155 1041 1230 1099 nota
1252 1034 1407 1117 peractis:

677 1159 738 1201 non
761 1137 888 1218 fierent,
915 1138 978 1202 nisi
1002 1144 1113 1202 saneta
1135 1137 1187 1202 dei
1209 1157 1270 1201 vox
1292 1137 1351 1202 iila
1372 1137 1506 1201 iuberet.

764 1240 836 1322 ipsa
858 1240 955 1304 etiam
979 1240 1093 1304 summi
1116 1259 1245 1304 consors
1268 1239 1447 1305 castissima
1468 1239 1557 1320 regni

680 1343 812 1425 uirginis
835 1351 867 1407 et
887 1343 998 1408 matris
1020 1344 1173 1426 templum
1196 1343 1331 1408 sublime
1354 1342 1484 1426 petivit,

681 1446 771 1510 errius
794 1445 961 1510 adoratum
983 1444 1082 1511 limen
1106 1445 1243 1510 feliciter
1264 1447 1385 1510 intrans

681 1556 755 1613 ante
778 1549 847 1631 pios
870 1549 976 1613 vuitus
999 1548 1150 1633 expansis
1173 1548 1312 1615 candida
1334 1549 1449 1634 palmis

683 1651 839 1734 constitit,
866 1659 897 1716 et
919 1652 1026 1736 pronis
1049 1652 1185 1736 supplex
1207 1652 1287 1717 haec
1308 1652 1449 1717 vultibus
1471 1652 1551 1717 iniit.

688 1756 794 1838 ‘uirgo
817 1755 968 1820 creatoris
991 1755 1136 1837 genetrix
1159 1755 1361 1820 sanctissima
1383 1755 1509 1835 mundi,

686 1859 805 1923 excelsi
828 1858 939 1940 regina
962 1859 1043 1942 poli,
1069 1857 1252 1943 specialiter
1274 1879 1338 1923 una

686 1982 762 2027 vera
784 1981 898 2046 parcns
922 1969 954 2026 et
975 1962 1064 2044 virgo
1086 1981 1235 2042 manens,
1262 1962 1331 2026 sine
1354 1962 1473 2026 semine
1497 1962 1596 2045 patris

580 2081 591 2115 ⁵
687 2085 782 2146 quam
805 2065 885 2129 deus
907 2065 1005 2147 elegit
1025 2070 1160 2144 matrem
1183 2063 1260 2140 sibi,
1287 2065 1417 2129 credula
1439 2065 1570 2129 verbum

689 2168 869 2252 concipiens
892 2174 1031 2232 nostram
1054 2167 1194 2250 genuisti
1217 2166 1284 2232 feta
1306 2167 1453 2232 salutem.

690 2290 709 2333 o
731 2271 834 2354 pietas
856 2269 1002 2334 miranda
1024 2271 1077 2336 dei
1099 2270 1249 2352 dictuque
1272 2268 1448 2335 tremenda!

691 2373 849 2438 caelorum
872 2372 972 2438 factor
994 2373 1140 2438 dominus
1163 2372 1260 2453 deus,
1287 2372 1381 2437 unica
1404 2373 1502 2457 pa'tris

691 2476 793 2540 forma
815 2474 884 2554 dei,
911 2496 1007 2541 verae
1030 2496 1101 2541 sese
1124 2475 1283 2541 velamine
1307 2475 1412 2540 carnis

691 2578 812 2657 induit,
838 2586 869 2643 et
892 2579 975 2643 serui
998 2579 1131 2643 formam
1154 2578 1194 2643 de
1217 2578 1341 2662 uirgine
1364 2578 1510 2664 sumpsit.

693 2700 773 2763 qnos
794 2681 862 2762 tibi,
888 2701 966 2764 quos
988 2682 1095 2764 genito
1118 2681 1232 2765 dignos
1255 2682 1416 2746 solvemus
1437 2682 1571 2746 honores

694 2803 749 2867 pro
771 2783 885 2861 tantis,
911 2784 1100 2864 benedicta·
1122 2784 1237 2848 lionis?
1280 2792 1329 2864 te,
1356 2785 1461 2866 gloria
1483 2790 1635 2860 matrum,

693 2886 912 2970 auxiliumque
934 2887 1057 2971 inploro
1079 2894 1185 2952 tunm:
1212 2893 1244 2952 te
1268 2907 1394 2972 semper
1414 2886 1560 2961 adorem.

695 2995 726 3054 te
748 2988 853 3054 fatear
873 2990 1032 3055 dominam
1056 2991 1323 3074 servatricemque
1345 3011 1497 3055 novarum

577 3113 600 3149 ἰ
697 3093 809 3158 lustini
832 3113 945 3158 rernm.
992 3100 1133 3158 nostrum
1156 3102 1265 3178 caput,
1292 3094 1412 3176 inclita,
1440 3113 1547 3174 serva,

695 3205 798 3262 tutare
820 3197 1004 3281 imperium,
1030 3197 1128 3261 vitam
1151 3218 1244 3280 rege,
1270 3197 1388 3281 perfice
1410 3203 1533 3282 coepta.

698 3299 757 3380 da,
785 3301 865 3365 bene
888 3299 1051 3383 dispositis
1073 3300 1248 3385 procedant
1268 3301 1375 3365 omnia
1397 3301 1523 3366 nesam.

699 3403 800 3469 subde
823 3402 908 3468 feras
931 3410 1055 3485 gentes.
1101 3404 1185 3468 iusto
1208 3423 1356 3469 mucrone
1380 3404 1509 3488 superbi

700 3507 883 3590 depereant.
932 3513 1036 3586 vestro
1059 3525 1185 3591 semper
1207 3506 1361 3571 tutamine
1383 3507 1517 3571 rivam'.

699 3610 836 3694 plurima
858 3617 1024 3693 praeterea
1046 3609 1151 3675 verbis
1174 3609 1382 3675 clementibus
1404 3630 1516 3676 orans.

700 3713 816 3778 oblatis
839 3712 938 3793 ceris,
964 3712 1061 3777 altam
1085 3713 1239 3778 remeavit
1260 3713 1294 3777 in
1317 3714 1436 3778 auiam.

700 3817 727 3882 it
748 3836 873 3881 sacmm
896 3815 1046 3880 comitata
1067 3816 1151 3881 latus
1175 3816 1388 3901 pulcherrima
1410 3818 1532 3902 proles,

702 3921 773 3985 luce
796 3938 855 3983 sua
876 3920 1003 4003 plenam
1026 3939 1108 4001 quae
1131 3921 1232 4003 possit
1254 3919 1380 3985 vincere
1402 3920 1527 4001 lunam,

703 4023 913 4107 aequiperans
936 4023 1053 4088 umeris
1075 4029 1226 4103 matrem,
1252 4023 1298 4088 sic
1321 4022 1428 4086 lucida
1450 4024 1554 4097 cultu,

597 4148 608 4183 ι
704 4126 750 4190 sic
771 4125 874 4190 niueis
898 4125 1038 4190 formosa
1059 4125 1151 4208 genis
1174 4125 1351 4207 similisque
1375 4125 1510 4209 parenti.

703 4230 778 4312 igne
801 4229 918 4293 micant
939 4228 1033 4293 oculi.
1080 4248 1194 4293 nomen
1217 4228 1357 4293 distabat
1378 4235 1411 4292 et
1432 4234 1539 4309 aetas,

705 4352 766 4395 non
789 4338 896 4396 eumen
918 4330 1069 4412 egregiae
1092 4331 1232 4396 distabat
1253 4330 1356 4413 gratia
1378 4331 1514 4396 formae:

706 4433 827 4499 arboris
850 4440 884 4498 ut
905 4433 1015 4497 matris
1038 4453 1120 4515 quae
1143 4433 1313 4497 deradice
1336 4454 1477 4518 propago

707 4537 848 4602 nascitur
870 4543 903 4601 et
923 4535 1018 4608 celsis
1042 4543 1137 4620 capnt
1158 4536 1252 4619 erigit
1274 4536 1375 4601 ardua
1397 4538 1509 4617 ramis,

708 4639 895 4723 aequiperat
915 4640 1005 4704 novis
1027 4646 1201 4705 maternam
1224 4639 1389 4705 frondibus
1411 4642 1572 4722 umbram,

710 4751 743 4809 at
765 4749 865 4808 mater
887 4743 1047 4827 propriam
1070 4742 1233 4808 florentem
1256 4743 1398 4826 germine
1421 4751 1529 4809 natam

709 4846 830 4931 gaudet
852 4846 971 4912 habere
992 4866 1120 4932 parem,
1147 4847 1313 4928 laetasque
1336 4846 1463 4914 adtollit
1483 4848 1517 4913 in
1539 4868 1633 4913 auras

711 4950 822 5016 felices
845 4970 967 5033 ramos,
993 4958 1025 5015 et
1047 4948 1165 5023 vertice
1188 4950 1323 5034 despicit
1344 4971 1431 5016 arvo.

395 5148 424 5198 it
447 5149 528 5196 senire
551 5150 560 5192 i
580 5160 625 5205 ιιι,
645 5145 740 5192 seruire
759 5145 820 5190 im.
842 5141 869 5188 Μ
970 5141 1002 5191 43
1021 5143 1170 5203 genitusque
1189 5141 1261 5203 netz,
1280 5145 1411 5205 genitique
1433 5148 1502 5203 im„
1523 5146 1657 5206 genitoque
1676 5146 1736 5194 am.
1758 5143 1785 5192 Μ
1887 5163 1943 5210 pre-

328 5239 408 5284 cantis
428 5234 454 5281 Μ
573 5230 606 5279 ii
625 5231 715 5277 annrrit
735 5229 763 5275 M
880 5233 981 5288 regnato
1000 5228 1076 5275 Basili
1095 5228 1203 5275 XXXVI
1223 5231 1253 5275 io
1268 5244 1295 5290 p.
1320 5232 1392 5289 1660,
1413 5229 1572 5289 reginarii
1699 5230 1943 5297 tenerenturne,

330 5324 393 5369 ilerit
413 5320 448 5378 Μ,
469 5321 538 5367 lieret
558 5316 621 5365 Reiz
734 5314 765 5364 52
783 5315 899 5375 genetrix
920 5318 931 5361 i
950 5328 996 5375 aa,
1016 5315 1125 5374 genitrix
1144 5316 1160 5361 9
1176 5329 1210 5363 m.
1232 5313 1260 5361 Μ
1362 5315 1394 5364 56
1411 5318 1477 5365 loeta
1496 5315 1523 5362 Μ
1625 5316 1657 5365 63
1675 5319 1845 5379 ausilinmqne
1868 5326 1878 5367 i
1898 5337 1945 5382 rm,

329 5409 504 5467 arrriiiumqnc
521 5406 588 5456 im.
610 5401 638 5448 Μ
773 5401 805 5450 65
824 5408 933 5449 nostram
952 5398 981 5446 Μ
1116 5398 1148 5448 73
1167 5416 1182 5463 q
1204 5405 1272 5460 im.,
1293 5416 1342 5464 qne
1360 5402 1376 5447 9
1391 5419 1424 5450 m.
1447 5400 1475 5448 Μ
1610 5402 1642 5451 ii
1661 5405 1770 5452 lrnnrerls
1791 5405 1823 5467 Μ,
1843 5410 1871 5453 ιιι
1889 5408 1947 5456 solet

331 5493 362 5541 ta
381 5495 521 5552 similisque
535 5488 569 5552 Μ,
589 5490 718 5550 similique
734 5489 773 5535 ael
784 5488 930 5547 similesque
944 5485 1079 5534 Mommsen
1088 5491 1208 5547 punctum
1220 5489 1246 5534 ia
1257 5488 1306 5550 flac
1317 5502 1401 5534 ceram
1410 5489 1519 5549 positum
1531 5487 1611 5536 destas
1716 5489 1748 5539 80
1767 5492 1896 5554 equiparat
1911 5492 1945 5555 Μ,

331 5581 523 5641 aequiparatqne
541 5575 612 5633 Itala,
633 5576 789 5636 aequiparata
807 5573 882 5620 Raeti
898 5573 963 5620 Vlll
979 5578 1026 5634 lp.
1042 5574 1093 5620 359
1198 5579 1332 5621 maternam
1350 5599 1385 5609 -
1402 5575 1511 5622 umbram
1530 5578 1623 5637 rmipsi,
1644 5580 1754 5624 materna
1766 5604 1799 5612 -
1811 5580 1898 5626 umbra
1912 5578 1945 5639 Μ,

331 5673 455 5714 maternae
472 5691 507 5699 -
525 5664 625 5711 umbrae
646 5661 706 5708 Rois
818 5659 847 5707 ui
868 5660 991 5721 propriam
1010 5660 1137 5707 ilorcntem
1158 5658 1191 5718 Μ,
1213 5661 1310 5721 proprio
1329 5661 1456 5706 florentem
1477 5661 1548 5713 liaris.
1568 5663 1688 5723 propriam
1707 5663 1803 5710 florenti
1825 5662 1947 5725 Denrpai„

331 5752 372 5799 sed
389 5751 423 5811 ‘'s-
447 5751 498 5800 iou.
523 5749 573 5796 Vll
591 5750 625 5797 35
728 5744 760 5793 32
779 5748 850 5793 abere
870 5745 897 5791 Μ
