4440 6276
1035 420 1183 477 CORlPPl

542 626 548 641 ·
577 628 590 667 ι
686 617 718 673 et
740 610 874 675 miseras
897 610 1023 676 salvare
1045 611 1170 675 animas
1193 609 1273 676 haec
1295 611 1364 676 sola
1387 610 1520 696 cupido,

685 712 736 776 hio
758 711 875 776 animis
897 732 986 777 amor
1007 713 1110 778 omnis
1132 713 1227 779 inest.
1273 713 1337 778 huo
1357 713 1457 778 iussio
1478 721 1601 778 tantum

685 814 837 899 principis
858 814 945 879 alma
965 814 1072 880 trahit.
1121 823 1228 880 noster
1248 821 1281 881 te
1303 814 1445 900 principe
1468 815 1616 900 princeps

685 915 830 1001 imperat.
876 917 945 1001 ipse
967 917 1025 983 tihi
1047 917 1195 983 meritum
1217 916 1335 984 debere
1358 917 1475 983 fatetur

685 1018 797 1084 ordine
819 1019 993 1084 servitium.
1040 1028 1075 1084 tu
1097 1018 1145 1083 illi
1168 1038 1228 1085 nos
1250 1019 1369 1086 subicis
1391 1040 1501 1085 omnes

686 1128 718 1186 et
741 1121 860 1187 servire
881 1121 984 1187 iubes.
1032 1130 1088 1187 tua
1110 1142 1181 1188 sum
1204 1129 1376 1208 praecepta
1396 1131 1535 1190 secutus.

684 1224 811 1309 aspice,
837 1233 962 1306 sancte,
989 1224 1120 1307 favens,
1146 1233 1179 1291 et
1199 1233 1323 1291 nostros
1345 1246 1439 1291 cerne
1462 1226 1587 1291 labores

684 1328 748 1391 iam
771 1327 934 1412 placidus,
960 1335 1133 1412 tantaeque
1155 1329 1227 1413 pius
1250 1347 1398 1394 succurre
1420 1328 1542 1394 rutinae.

685 1431 735 1494 sin
758 1450 816 1496 sua
838 1439 1024 1515 peccantem
1046 1431 1199 1497 damnant
1220 1432 1338 1497 delicta
1358 1432 1532 1497 Iohannem

684 1533 790 1599 iudice
812 1541 862 1615 te,
888 1553 1076 1617 quocunqne
1097 1534 1163 1600 alio
1185 1555 1236 1600 mc
1258 1534 1429 1619 comprime
1451 1534 1531 1615 leto,

542 1680 547 1693 -
577 1656 589 1692 a
684 1641 757 1719 pro!
786 1637 879 1701 Petro
901 1656 985 1702 nunc
1006 1656 1102 1720 parce
1123 1640 1220 1703 meo’.
1266 1657 1330 1721 quo
1351 1637 1478 1702 nomine
1500 1636 1584 1703 dicto

686 1739 791 1804 haesit
810 1740 843 1804 in
867 1760 920 1804 ore
942 1759 1058 1821 sonus,
1083 1746 1280 1806 tremuemnt
1301 1747 1430 1824 pectora
1452 1741 1570 1824 patris,

685 1840 850 1924 frigidiora
871 1842 947 1925 gelu
970 1841 1154 1908 ceciderunt
1175 1862 1267 1907 crura
1289 1861 1484 1926 manusque,

685 1944 889 2028 membraque
912 1952 1026 2011 cuncta
1047 1946 1167 2010 labant.
1214 1944 1363 2011 lacrimas
1385 1952 1461 2010 tuuc
1483 1945 1622 2011 fluminis
1643 1948 1744 2013 instar

685 2047 807 2131 fundit,
833 2055 865 2112 et
885 2048 1035 2132 ingentes
1057 2048 1197 2132 gemitus
1219 2048 1263 2114 ad
1286 2047 1392 2114 sidera
1414 2048 1508 2113 tollit.

683 2149 802 2215 talibus
824 2151 943 2216 orantis
964 2149 1059 2217 fletus
1081 2158 1114 2217 et
1135 2152 1234 2216 verba
1256 2151 1375 2236 recepit

631 2320 636 2329 ,
685 2253 865 2338 suscipiens
887 2254 1045 2319 dominus.
1093 2253 1211 2319 validis
1234 2254 1400 2319 mitescere
1422 2255 1526 2319 ventis

684 2356 837 2439 imperat,
865 2363 896 2421 et
919 2356 1028 2420 clauso
1051 2355 1157 2447 tharrgi
1180 2358 1239 2422 sub
1261 2364 1367 2422 monte
1389 2357 1561 2441 procellae.

685 2458 842 2540 effugiunt
862 2459 985 2524 celeres
1006 2464 1137 2524 tenuato
1158 2458 1279 2524 vellere
1300 2460 1414 2524 nubes.

685 2561 732 2625 sol
757 2560 855 2642 redit,
881 2568 914 2626 et
935 2561 1021 2625 claro
1043 2560 1186 2626 rutilanti
1210 2561 1360 2646 lampade
1382 2563 1474 2627 caelo

541 2684 546 2695 ·
576 2683 589 2718 a
686 2664 801 2729 emicat
822 2664 892 2729 alta
913 2662 995 2728 dies.
1042 2663 1195 2748 explanat
1216 2664 1381 2729 marmoris
1403 2663 1506 2729 undas

684 2765 785 2832 iussio
807 2774 894 2832 certa
916 2765 980 2832 dei.
1026 2765 1114 2831 venti
1135 2785 1253 2831 venere
1277 2765 1434 2831 secundi:

684 2873 878 2953 'consurgunt
900 2869 977 2935 laeti
998 2869 1164 2934 turbantes
1186 2869 1292 2933 omnia
1314 2876 1450 2951 nautae,

684 2972 815 3036 vocibus
837 2978 869 3036 et
890 2971 1028 3056 placidis
1049 2970 1218 3037 intendunt
1240 2971 1339 3036 lintea
1361 2971 1472 3053 malis,

683 3075 918 3158 implenturque
941 3074 1041 3140 sinus.
1088 3073 1191 3138 socias
1213 3080 1290 3139 tunc
1311 3072 1450 3156 undique
1473 3092 1572 3138 naves

558 3197 584 3210 ··
683 3177 862 3260 accipiunt,
887 3183 1017 3260 totoque
1039 3174 1202 3259 refulgent
1223 3175 1358 3241 carbasa
1378 3182 1485 3260 ponto.

684 3278 749 3342 iam
771 3279 901 3363 pmpius
924 3279 1117 3364 propiusque
1139 3278 1266 3359 volant,
1292 3285 1324 3344 et
1346 3297 1500 3362 prospera
1523 3297 1617 3344 cursu

685 3381 814 3447 caemrla
836 3382 998 3446 sulcantes
1019 3380 1188 3465 impellunt
1209 3379 1339 3446 flamina
1361 3401 1495 3465 puppes.

767 3483 931 3568 prospexit
952 3483 1082 3549 tandem
1106 3502 1280 3548 succensae
1303 3482 1396 3548 litora
1416 3490 1520 3549 terrae

683 3586 811 3667 ductor,
836 3594 869 3651 et
890 3585 1062 3651 indomitas
1084 3585 1196 3650 Martis
1219 3586 1368 3669 mgnrovit
1389 3586 1533 3652 habenas

556 3709 586 3749 ·ι
682 3707 741 3753 neo
763 3687 894 3753 dubium
923 3692 1006 3771 {nam
1028 3707 1106 3752 vera
1127 3688 1233 3753 femnt
1253 3688 1414 3772 incendia)
1441 3696 1625 3755 monstrum.

682 3791 854 3857 volvebant
876 3790 964 3856 venti
985 3790 1162 3874 crispantes
1183 3791 1303 3856 vertice
1325 3793 1487 3873 flammas,

682 3900 714 3958 et
736 3893 823 3958 fumo
846 3893 1012 3959 (mmmista
1031 3895 1144 3958 volans
1164 3912 1262 3978 super·
1284 3901 1372 3958 astra
1393 3893 1507 3959 favilla

682 3996 839 4062 scintillas
860 4004 974 4063 tenues
996 4016 1153 4061 summam
1175 3997 1350 4080 spargebat
1371 3998 1404 4062 in
1426 3996 1581 4061 aethram.

681 4099 784 4182 surgit
805 4107 837 4164 et
857 4098 890 4164 in
912 4098 1018 4164 medio
1040 4098 1143 4164 fervet
1163 4099 1228 4162 iarn
1251 4098 1379 4163 flamma
1402 4097 1609 4183 profundum,

681 4200 790 4266 omnia
810 4201 1003 4267 convolvens
1026 4219 1200 4266 succensae
1223 4200 1337 4266 robora
1358 4208 1472 4266 terrae.

681 4303 783 4368 uritur
804 4304 891 4368 alma
913 4322 1008 4386 seges
1030 4303 1132 4368 cultos
1154 4310 1281 4368 matura
1302 4322 1493 4387 peragras,

680 4406 784 4471 omnis
805 4413 838 4470 et
858 4405 1004 4488 augescit
1025 4412 1219 4471 crescentem
1242 4404 1408 4471 frondibus
1429 4406 1536 4489 ignem

680 4509 790 4587 arbor,
817 4515 849 4573 et
869 4507 903 4571 in
927 4508 1049 4573 cineres
1072 4526 1144 4573 sese
1167 4515 1354 4592 consumpta
1376 4509 1517 4575 resolvit.

679 4618 845 4677 vertuntur
865 4610 1002 4676 miserae
1024 4608 1129 4675 caesis
1151 4628 1222 4675 cum
1245 4609 1370 4676 civibus
1393 4611 1505 4693 urbes,

571 4739 583 4778 o
681 4720 857 4796 cunctaque
880 4712 1016 4798 diruptis
1039 4711 1237 4795 conflagrant
1259 4712 1387 4778 moenia
1409 4713 1513 4780 tectis.

679 4816 767 4882 haud
788 4816 883 4881 aliter
903 4815 1071 4881 Phaethon
1093 4815 1215 4882 cunofis
1238 4834 1257 4880 e
1279 4816 1423 4900 partibus
1445 4817 1530 4882 orbis

679 4941 741 4986 non
764 4919 846 4985 bene
869 4938 1022 4985 concesso
1045 4917 1255 4984 succenderat
1276 4919 1382 4984 omnia
1405 4939 1496 4984 curru

678 5021 901 5088 flammivomis
923 5029 1067 5106 raptatus
1090 5021 1197 5104 equis,
1224 5021 1258 5085 ni
1281 5021 1416 5087 fulmine
1439 5043 1561 5087 surnmo

295 5191 342 5197 --
351 5192 521 5199 --—..—--

360 5282 410 5332 300
428 5290 456 5332 tu
474 5298 531 5333 snm
548 5289 659 5346 prccctts
683 5282 703 5329 Τ
805 5279 854 5329 302
874 5280 1007 5329 accurreT
1111 5280 1160 5330 303
1180 5280 1317 5342 dampnant
1335 5280 1458 5328 dsllttaT
1562 5281 1612 5330 305
1630 5284 1738 5344 proterio
1756 5298 1823 5335 trono
1841 5302 1915 5349 purgo

289 5369 328 5416 ccl
351 5380 427 5430 perge
448 5368 468 5415 Τ
606 5366 657 5418 300
674 5368 728 5416 oxlt
748 5367 769 5412 Τ
906 5364 956 5414 307
975 5366 1043 5414 clara
1064 5366 1085 5413 Τ
1221 5365 1272 5415 308
1295 5367 1378 5413 tltmus
1396 5366 1457 5414 istor
1479 5366 1499 5412 Τ
1637 5365 1683 5417 311
1704 5370 1862 5433 subspiciens
1884 5373 1912 5434 Τ,

291 5454 430 5516 cuempiam
448 5454 564 5503 dubitans
584 5453 663 5503 ,lloaa
770 5450 819 5500 313
837 5452 920 5500 clauso
939 5457 1073 5514 monteque
1090 5451 1196 5514 procella
1219 5452 1240 5498 Τ
1342 5449 1392 5500 313
1410 5458 1516 5500 mnuuto
1540 5452 1560 5499 Τ
1656 5452 1703 5503 331
1723 5458 1838 5517 proprius
1855 5471 1915 5521 prc-

288 5540 408 5602 priusque
428 5538 449 5584 Τ
577 5537 628 5587 324
646 5538 751 5587 harenas
769 5535 846 5586 alfoaa
979 5534 1029 5585 :tta
1047 5543 1168 5587 montrum
1189 5536 1209 5583 Τ
1339 5535 1389 5586 336
1407 5539 1547 5599 grlspcntes
1568 5538 1588 5584 Τ
1717 5540 1873 5593 33700108
1894 5543 1916 5591 Τ

290 5622 341 5675 338
358 5625 480 5673 etheraT
577 5620 627 5671 320
645 5624 710 5671 atla
723 5621 813 5682 ullam„
833 5621 945 5670 etlamlf
1042 5621 1092 5672 330
1109 5622 1382 5671 comburensdubltom
1396 5621 1470 5673 aaut.
1573 5622 1623 5674 333
1641 5626 1750 5675 cinerem
1762 5628 1820 5688 bots
1833 5628 1913 5679 Mara.

288 5709 339 5760 334
359 5709 499 5759 miseriei
605 5706 654 5756 335
672 5708 777 5771 direptis
795 5709 880 5756 mnttm
985 5708 1096 5758 tettlsT
1200 5706 1250 5757 330
1268 5707 1380 5756 letonT
1482 5708 1532 5759 338
1551 5710 1578 5757 ln
1597 5710 1745 5760 fulmine?
