4440 6276
285 471 325 532 30
1003 465 1182 520 HISTORIA

284 657 405 721 nanae
429 657 566 722 civitatis
588 656 740 741 episcopi.
788 656 847 720 Cui
869 675 945 719 nos:
972 662 1004 720 et
1027 676 1125 738 quare
1147 656 1193 719 ita
1214 654 1338 719 abiecte
1361 654 1525 735 ambulas,
1559 654 1611 718 vel
1634 672 1698 735 qna
1720 649 1842 716 ratione
1864 648 1905 713 de

284 766 349 823 tam
373 760 466 841 longo
489 760 601 825 itinere
624 760 685 823 buc
708 778 842 842 prengere
865 758 1114 823 demonstrarisi
1158 758 1248 835 Quae
1278 756 1456 841 respondit:
1492 777 1562 821 cum
1590 756 1651 820 boc
1679 775 1771 820 servo
1799 759 1905 817 vestro

283 861 415 944 parvulo
445 861 487 925 ad
510 862 640 926 exilium
664 881 780 945 pergo,
807 881 847 925 ne
870 860 1013 925 inveniat
1035 881 1107 926 eum
1131 861 1233 926 solum
1256 859 1405 925 iuimicus
1434 867 1467 925 et
1495 859 1591 924 avia
1613 858 1757 924 veritam
1779 861 1907 921 revocet

283 962 326 1026 ad
346 971 489 1028 mortem.
536 964 587 1029 Ad
615 965 696 1030 haec
726 965 825 1029 verba
854 965 967 1049 repleti
998 964 1138 1029 lacrimis
1166 962 1247 1028 nihil
1277 963 1384 1028 dicere
1415 962 1573 1027 valuimus
1603 961 1665 1026 nisi
1693 968 1728 1025 nt
1757 960 1905 1024 voluutas

284 1064 373 1130 tieret
395 1066 457 1131 dei.

152 1166 154 1171 '
219 1171 254 1231 31
370 1170 411 1234 Χ.
437 1169 502 1234 Sed
517 1170 571 1234 ubi
587 1168 801 1250 adversarius,
820 1168 952 1252 qniiam
968 1168 1047 1233 forte
1064 1168 1206 1234 dicebat:
1238 1169 1420 1253 ‘partibo
1442 1169 1595 1253 spolia,
1622 1167 1794 1252 replebo
1816 1163 1906 1229 ani·

284 1292 539 1355 mammeam,
565 1273 819 1338 interficiam
842 1272 1101 1354 gladiomeo,
1128 1270 1409 1336 dominabitur
1430 1290 1570 1335 manus
1593 1271 1692 1335 mea’
1709 1268 1832 1333 nullum
1849 1287 1907 1350 po-

283 1375 344 1438 tuit
364 1376 527 1459 aucupari,
552 1374 683 1458 inquirit
703 1381 842 1456 angusta
865 1381 896 1439 et
918 1373 1102 1438 taeterrima
1124 1373 1205 1454 loca,
1232 1374 1264 1438 in
1280 1394 1412 1458 quorum
1428 1373 1632 1438 conclavibus
1655 1370 1707 1437 dei
1732 1370 1905 1436 exercitum
1940 1419 1943 1424 .

284 1484 448 1542 coartaret.
494 1481 585 1543 Tunc
607 1477 654 1543 eis
676 1477 772 1543 ctiam
796 1477 989 1541 visitationis
1012 1477 1171 1540 humanae
1193 1483 1312 1558 negata
1335 1477 1523 1541 consolatio:
1552 1476 1724 1560 puniuntur
1746 1482 1778 1539 et
1801 1480 1907 1538 custo-

284 1580 342 1645 des
364 1580 502 1646 fustibus
525 1589 557 1646 et
578 1580 718 1664 graviter
739 1579 943 1662 adfiguntur,
970 1580 1129 1644 iactantur
1152 1580 1351 1645 confessores
1372 1579 1491 1645 Christi
1514 1578 1777 1664 superinvicem,
1803 1597 1906 1658 angu-
1928 1597 1956 1636 ro

284 1682 345 1747 stia
371 1691 549 1764 coartante,
582 1701 665 1747 nnus
688 1703 783 1767 super
804 1684 920 1764 aliurn,
955 1691 990 1747 ut
1012 1682 1144 1766 agmina
1173 1683 1367 1748 lucustarum
1397 1689 1445 1763 et,
1479 1690 1515 1748 ut
1544 1682 1670 1767 proprie
1700 1680 1839 1762 dicatur,
1873 1686 1907 1744 ut

218 1788 258 1849 33
284 1805 385 1867 grana
406 1786 635 1869 pretiosissima
656 1785 893 1850 frumentorum.
941 1786 979 1849 In
1002 1805 1065 1867 qua
1087 1785 1316 1869 constipatione
1340 1785 1511 1851 secedendi
1534 1785 1576 1849 ad
1598 1784 1745 1850 naturale
1767 1782 1906 1849 officium

284 1888 374 1952 nulla
395 1889 475 1954 ratio
498 1890 623 1954 sinebat
644 1888 724 1971 loci,
753 1887 811 1953 sed
834 1897 972 1954 stercora
995 1897 1027 1953 et
1048 1888 1173 1953 urinam
1197 1896 1353 1971 urguente
1375 1888 1567 1953 necessitate
1589 1887 1708 1952 ibidem
1732 1884 1903 1965 faciebant,

285 1997 319 2055 ut
344 1991 400 2056 ille
427 1998 502 2056 tunc
531 1992 633 2056 foetor
654 1998 687 2056 et
708 1991 817 2056 horror
838 1991 988 2056 universa
1010 2010 1183 2074 poenarum
1208 2010 1328 2072 genera
1351 1997 1530 2075 superaret:
1569 1990 1611 2055 ad
1634 2009 1713 2073 quos
1735 1978 1908 2072 aliqnando

284 2092 361 2158 data
381 2093 526 2176 ingentia
547 2114 680 2158 munera
694 2093 824 2174 Mauris,
851 2093 1082 2158 dormientibus
1096 2093 1276 2176 Wandalis,
1301 2094 1356 2158 vix
1379 2095 1461 2159 clam
1484 2093 1619 2158 admissi
1642 2112 1752 2156 smnus
1773 2092 1903 2156 intrare.
1928 2112 1958 2152 ra

283 2195 345 2273 Qui
361 2196 555 2261 introeuntes
569 2195 669 2261 veluti
692 2197 725 2260 iu
747 2196 874 2280 gurgite
894 2198 952 2261 luti
968 2215 1068 2280 usque
1084 2197 1127 2261 ad
1142 2217 1249 2280 genua
1271 2197 1433 2282 coepimus
1456 2197 1567 2280 mergi,
1594 2195 1676 2261 illud
1697 2202 1772 2261 tunc
1794 2195 1909 2260 Hiere-

284 2298 367 2364 miae
389 2297 536 2365 ridentes
558 2299 658 2364 fuisse
682 2301 888 2384 completum:
916 2300 983 2383 qui
1007 2300 1156 2365 nutriti
1179 2300 1335 2365 suntin
1357 2301 1533 2382 croceis,
1559 2297 1789 2384 amplexati
1813 2304 1909 2363 sunt

285 2409 468 2466 stercora
497 2422 580 2467 sua.
627 2401 711 2480 Quid
734 2404 856 2468 multa?
889 2404 1051 2487 praecepti
1074 2410 1148 2468 suni
1169 2402 1310 2485 undique
1327 2403 1605 2490 perstrepentibus
1627 2402 1748 2466 Mauris
1770 2399 1812 2465 ad
1835 2401 1904 2482 iter,

284 2504 339 2568 ubi
361 2504 511 2570 destinati
533 2505 670 2587 fuerant,
696 2504 890 2589 praeparari.
1377 2499 1387 2524 ⁸

218 2611 258 2674 33
370 2608 428 2672 ΧΙ.
463 2609 624 2673 lirenates
645 2607 755 2691 itaque
776 2607 830 2673 die
853 2607 1027 2688 dominica,
1055 2608 1146 2674 linita
1168 2609 1324 2674 habentes
1347 2610 1537 2697 stercoribus
1567 2608 1774 2690 vestimenta,
1807 2607 1957 2672 faciesne

285 2710 379 2774 simul
402 2717 434 2776 et
455 2711 577 2795 capita,
603 2733 624 2776 a
646 2710 765 2776 Mauris
786 2717 895 2776 tamen
918 2711 1091 2777 crudeliter
1111 2711 1334 2789 minabantur,
1360 2713 1513 2795 hymnum
1537 2734 1608 2777 cum
1631 2710 1826 2777 exultatione
1849 2709 1908 2774 do-

284 2812 369 2878 mino
384 2812 608 2879 decantantes:
634 2814 733 2878 baec
756 2820 821 2879 est
842 2814 977 2899 gloria
1000 2814 1187 2880 omnibus
1210 2815 1369 2881 sanctis
1391 2815 1494 2880 eius.
1533 2816 1653 2881 Aderat
1667 2815 1751 2881 enirn
1773 2813 1819 2879 ibi
1833 2819 1909 2880 tunc

283 2916 397 2981 beatus
426 2916 568 3000 pontifex
591 2915 788 3000 Cyprianus,
814 2916 1045 2982 Vniaibirensis
1068 2915 1255 3001 episcopus,
1288 2918 1466 2983 consolator
1488 2919 1653 3003 egregius,
1687 2918 1740 3001 qui
1763 2916 1908 3001 singulos

285 3018 337 3102 pio
359 3025 391 3083 et
412 3025 544 3103 paterno
567 3019 696 3085 fovebat
717 3020 835 3085 affectu
857 3040 919 3085 non
942 3019 1011 3085 sine
1033 3019 1219 3085 fluminibus
1241 3021 1435 3086 currentium
1458 3022 1669 3104 lacrimarum,
1699 3028 1830 3106 paratus
1853 3040 1908 3105 pro

284 3120 436 3187 fratribus
459 3121 599 3187 animam
621 3141 738 3206 ponere
761 3130 793 3188 et
815 3142 850 3188 se
873 3124 1063 3206 ultroneum,
1090 3123 1119 3187 si
1141 3123 1372 3204 dimitteretur,
1389 3125 1508 3190 talibus
1523 3125 1724 3210 passionibus
1740 3124 1828 3200 dare,
1853 3123 1907 3206 qui
1928 3144 1958 3186 aa

283 3231 382 3289 totum
399 3224 484 3306 quod
499 3221 612 3290 habuit
633 3225 800 3308 egentibus
822 3225 973 3290 fratribus
996 3227 1028 3291 in
1050 3226 1109 3290 illa
1130 3233 1205 3291 tunc
1227 3228 1417 3293 necessitate
1439 3229 1608 3313 expendit:
1633 3228 1808 3312 quaerebat
1823 3227 1907 3292 enirn

285 3328 502 3409 occasionem,
539 3328 676 3410 qualiter
697 3327 933 3393 confessoribus
956 3329 1147 3411 sociaretur,
1183 3329 1256 3414 ipse
1285 3331 1391 3395 animo
1422 3339 1454 3396 et
1482 3333 1597 3397 virtute
1627 3331 1798 3396 confessor.
1847 3329 1908 3408 Qui

285 3437 397 3514 postea
424 3451 481 3514 per
509 3431 626 3495 multos
656 3451 777 3514 agones
806 3439 839 3497 et
868 3432 1035 3513 squalores
1065 3432 1203 3496 carceris
1225 3433 1267 3498 ad
1290 3433 1438 3516 exilium,
1471 3435 1557 3517 quod
1579 3434 1802 3514 desiderabat,
1837 3453 1907 3498 curn

221 3543 260 3603 34
287 3533 482 3599 exultatione
511 3534 662 3618 perrexit.
707 3533 855 3613 Quantae
884 3541 959 3599 tunc
986 3534 1207 3601 multitudines
1237 3536 1277 3601 de
1300 3537 1436 3602 diversis
1466 3537 1649 3621 regionibus
1672 3544 1704 3602 et
1726 3536 1908 3602 civitatibus

286 3636 328 3701 ad
345 3636 494 3702 visendos
510 3637 562 3702 dei
577 3644 733 3721 martyres
748 3637 941 3703 occurrerint
955 3638 1153 3722 populorum,
1177 3643 1334 3704 testantur
1347 3640 1420 3705 viae
1435 3641 1487 3705 rel
1503 3639 1652 3704 semitae:
1679 3659 1762 3721 quae
1776 3638 1908 3722 agmina
1928 3661 1958 3700 no

286 3739 481 3805 venientium
511 3761 711 3824 nequaquam
741 3741 921 3824 capientes,
954 3760 1012 3825 per
1040 3739 1176 3805 vertices
1206 3742 1358 3807 montium
1387 3749 1420 3807 et
1442 3744 1573 3809 vallium
1603 3761 1792 3807 concurrens
1814 3742 1908 3807 turba

286 3840 429 3907 fidelium
445 3843 689 3908 inaestimabilis
704 3843 932 3909 descendebat.
973 3843 1090 3909 Cereus
1105 3843 1253 3910 manibus
1268 3852 1431 3927 gestantes
1454 3865 1590 3928 suosque
1611 3845 1788 3910 infantulos
1809 3843 1910 3909 vesti-

286 3945 350 4028 giis
371 3953 545 4030 martyrum
576 3946 766 4032 proicientes
787 3948 852 4012 ista
873 3966 950 4012 voce
979 3947 1177 4012 clamabant:
1211 3947 1327 4029 quibus
1356 3968 1414 4013 nos
1442 3949 1574 4014 miseros
1603 3948 1799 4030 relinquitis,
1831 3947 1907 4013 dum

356 4155 380 4216 c)
401 4152 491 4208 Exod.
513 4154 553 4216 15,
574 4154 599 4204 9.
707 4155 747 4217 ii)
768 4152 870 4208 Thrcu.
890 4155 915 4218 4,
937 4156 961 4207 5.
1068 4154 1109 4218 33)
1130 4152 1205 4208 Psai.
1228 4155 1285 4216 149,
1306 4155 1330 4205 9.

288 4333 697 4344 n———m

360 4465 368 4513 1
391 4467 448 4514 cuia
467 4466 489 4512 B
601 4464 744 4512 abbuiasR
865 4463 880 4514 3
899 4479 971 4513 senno
990 4470 1072 4513 nostro
1090 4467 1195 4527 paruulo
1214 4464 1244 4527 L,
1264 4467 1366 4527 paruulo
1384 4480 1456 4514 semo
1474 4473 1558 4514 uestro
1579 4467 1641 4527 (meo
1656 4469 1682 4528 p)
1704 4467 1742 4528 Rp
1759 4473 1783 4515 et
1800 4469 1874 4528 vulco

290 4549 305 4598 4
324 4551 395 4599 iteret
412 4553 529 4598 uoluntas
547 4551 588 4598 dei
608 4551 638 4611 la,
658 4551 775 4599 noluntas
793 4549 833 4598 dei
852 4552 924 4599 tieret
940 4551 979 4600 ed.
1001 4550 1076 4599 Rnin.
1192 4550 1207 4599 b
1225 4551 1323 4611 partibo
1340 4551 1426 4598 BRV:
1445 4554 1578 4614 participor
1596 4552 1626 4612 L,
1647 4555 1738 4614 partiar
1753 4569 1780 4616 p,
1800 4555 1909 4616 partibor

290 4636 328 4684 ed.
343 4636 419 4687 Boin.
451 4637 561 4685 diuidam
579 4637 685 4697 Valente
790 4635 941 4698 Saucupari
959 4637 1104 4684 Berncnais:
1122 4637 1236 4699 accupari
1254 4636 1280 4696 V,
1298 4649 1417 4698 occuparo
1435 4637 1520 4698 BLlip
1536 4642 1559 4685 et
1577 4639 1649 4698 υυὶρο
1753 4640 1876 4698 agustaV

290 4723 464 4772 deterrimaL
602 4728 721 4771 coartaret
744 4724 881 4772 exercitum
904 4723 943 4771 dei
968 4723 987 4769 V
1124 4723 1248 4781 9negata
1267 4722 1328 4770 BL:
1356 4727 1444 4783 negato
1466 4724 1494 4785 V,
1523 4731 1613 4784 negata
1635 4729 1674 4772 est
1699 4725 1736 4787 ap
1758 4730 1779 4773 et
1801 4727 1876 4785 onlpo

292 4808 318 4857 ll
341 4809 493 4858 lucustarum
508 4809 546 4856 B.-
563 4809 714 4857 locustarum
732 4811 786 4859 cett.
799 4810 916 4872 eramo,
936 4808 972 4869 cs.
987 4807 1104 4867 Boenacb,
1126 4809 1229 4858 Italae.
1249 4809 1356 4869 Vulgata
1372 4826 1398 4871 p.
1414 4811 1464 4857 465
1567 4807 1606 4876 ut]
1623 4813 1684 4872 inp
1790 4810 1819 4860 13
1838 4825 1910 4872 prae·

290 4897 387 4957 ciossp
491 4897 630 4944 naturalem
653 4896 673 4942 V
777 4895 873 4945 ibisci
892 4895 1239 4958 sedBLRVp:sedlocum
1258 4895 1437 4957 Loaetontpo
1540 4900 1647 4944 stercora
1664 4901 1690 4944 et
1707 4899 1805 4945 urinam
1824 4896 1909 4944 BLV.-

290 4984 404 5031 atercoris
423 4989 449 5031 et
466 4985 553 5031 urinae
571 4981 609 5043 ap
627 4986 650 5030 ct
668 4983 742 5041 culpo
845 4980 1062 5031 necessitatemL
1180 4980 1210 5030 14
1228 4983 1291 5029 fetor
1309 4980 1395 5043 BRVp
1499 4964 1565 5030 orlor
1583 4981 1630 5029 BV
1745 4982 1776 5031 15
1793 4983 1851 5031 deta
1869 4982 1907 5030 a.-

289 5071 348 5118 datu
368 5070 421 5130 BV,
450 5071 539 5118 dantes
559 5068 589 5129 L,
618 5068 732 5127 dandop
762 5067 827 5129 <dato
845 5069 944 5130 ingenti
962 5082 1065 5116 munere
1082 5067 1119 5116 cd.
1141 5067 1227 5130 Rasin.)
1352 5069 1464 5127 ingentia
1482 5064 1598 5133 munera]
1617 5071 1652 5116 sic
1668 5071 1716 5116 neat
1835 5064 1908 5135 riam]

237 5145 242 5156 ’
288 5157 372 5217 ismp
487 5156 597 5203 ammissl
616 5154 663 5200 BV
778 5152 808 5203 16
827 5151 888 5221 luti]
906 5156 948 5203 lici
971 5155 991 5201 V
1106 5153 1135 5202 Π
1156 5155 1235 5202 inisse
1252 5167 1337 5215 om.p
1454 5152 1484 5202 19
1502 5155 1621 5203 destinati
1640 5155 1740 5203 suntL
1855 5169 1910 5217 pro-

288 5256 375 5304 parare
391 5257 408 5303 p
538 5241 571 5289 30
589 5242 630 5289 die
648 5254 695 5289 om,
718 5238 739 5286 L
869 5241 897 5290 31
920 5256 1020 5301 ymnum
1040 5240 1134 5290 BLRV
1253 5241 1412 5289 decantantes
1430 5240 1562 5301 dominop
1682 5241 1715 5290 33
1734 5247 1788 5290 tum
1806 5243 1842 5290 ibi
1858 5257 1876 5303 p

288 5328 320 5378 33
339 5328 563 5377 umzibbirinensis
583 5325 613 5385 R,
633 5325 861 5389 unaibilineusisp
973 5327 1005 5376 37
1024 5329 1113 5390 ipsop
1205 5326 1259 5376 Ι38
1278 5326 1427 5376 sualoresL
1531 5328 1557 5374 in
1576 5328 1653 5375 exilio
1668 5343 1686 5388 p
1798 5328 1831 5377 39
1849 5333 1910 5377 tunc

289 5414 397 5465 BLRV:
425 5419 451 5461 et
468 5418 529 5461 tunc
545 5427 563 5473 p
581 5417 603 5459 et
621 5413 695 5473 culpo
816 5413 937 5461 ciuitibus
961 5413 982 5460 V
1117 5413 1150 5463 30
1174 5413 1307 5462 uisendum
1326 5413 1361 5475 R,
1389 5417 1417 5461 nt
1434 5417 1469 5461 eat
1487 5414 1508 5474 1,
1529 5414 1562 5460 ³9
1587 5412 1618 5460 ad
1635 5413 1783 5463 tradendum
1801 5415 1876 5463 libros

289 5501 401 5549 martires
419 5500 457 5547 dei
476 5500 648 5549 concurrerint
664 5514 681 5560 p
785 5512 850 5560 quae
867 5512 947 5558 om.p
1051 5500 1147 5559 agmina
1166 5515 1191 5550 u.
1209 5515 1234 5549 n.
1256 5502 1381 5560 capientes
1396 5498 1496 5560 BBVp:
1514 5513 1569 5547 cum
1587 5501 1686 5559 agmina
1704 5515 1729 5549 u.
1747 5515 1772 5549 n.
1793 5507 1910 5563 caperent

290 5587 432 5646 Letvalpo
537 5586 565 5635 31
587 5587 729 5635 uiuentium
746 5585 773 5646 V,
795 5586 969 5644 uiuentiump
1073 5592 1098 5632 et
1115 5586 1219 5633 uallium
1231 5585 1339 5632 BLRV:
1357 5598 1406 5634 om.
1419 5600 1445 5647 ρ,
1466 5585 1726 5642 etconcsusualliunr
1744 5585 1781 5633 cd.
1797 5586 1873 5637 Ruta.

288 5686 437 5723 concurrens
460 5674 533 5720 turba
557 5673 575 5719 i.
597 5671 787 5718 inaestimabilia
812 5669 979 5718 descendebat
999 5668 1108 5717 BLRV:
1132 5676 1293 5718 concurrente
1318 5673 1391 5718 turba
1416 5674 1434 5720 i.
1455 5672 1631 5719 inestimabilis
1655 5671 1788 5719 desceubat
1813 5673 1862 5735 (sic)
1882 5688 1908 5733 p,

288 5763 463 5807 concurrentes
480 5759 568 5804 turbae
588 5759 604 5803 i.
627 5755 821 5803 inaestimabiles
840 5755 1024 5804 descendebant
1041 5755 1078 5805 ed.
1095 5755 1171 5804 Rasin.
1278 5754 1310 5804 33
1328 5763 1449 5816 gestans.
1466 5793 1472 5805 .
1487 5758 1619 5818 proliciens
1631 5758 1666 5804 ita
1679 5771 1739 5804 uoce
1757 5758 1878 5807 clamabat
1893 5775 1910 5819 p
