4440 6276
1026 425 1172 481 OORlPPl

679 623 748 682 aret
769 616 880 699 lingua
903 616 997 696 viris,
1023 616 1123 681 facies
1146 616 1252 696 rubet,
1278 616 1363 681 altus
1385 615 1517 680 anhelat

680 727 808 804 pectora
828 721 935 804 pulmo
958 720 1062 799 ciens,
1088 719 1246 801 mittitque
1269 740 1287 785 e
1309 718 1439 784 naribus
1460 719 1578 802 ignem.

679 842 795 907 aspera
816 823 978 888 subtracta
1000 823 1181 887 fervescunt
1202 842 1258 886 ora
1280 822 1399 905 saliva,

679 932 711 990 et
732 925 808 990 furit
829 933 960 990 exustus
982 926 1074 991 siccis
1096 925 1131 990 in
1152 925 1299 989 faucibus
1321 923 1425 989 ardor.

678 1029 779 1092 omnis
801 1028 842 1092 ab
865 1027 998 1093 internis
1020 1028 1131 1093 humor
1152 1027 1222 1091 fluit
1242 1027 1357 1092 anxius
1381 1026 1482 1108 extis,

678 1131 903 1215 perfunditque
925 1138 1046 1212 cutem,
1072 1152 1166 1213 quem
1188 1151 1261 1195 mox
1283 1131 1407 1196 exiccat
1426 1129 1555 1212 iniquus

678 1235 761 1300 aeris
783 1236 852 1320 ipse
875 1235 977 1315 calor,
1003 1234 1207 1319 tepidumque
1229 1255 1250 1298 a
1271 1254 1401 1318 corpore
1422 1233 1528 1299 sumit.

762 1338 843 1402 vidit
864 1345 899 1403 ut
920 1339 979 1403 hoo
1002 1337 1129 1417 ductor,
1155 1336 1254 1402 dilato
1275 1338 1375 1402 Marta
1398 1337 1558 1401 lohannes

678 1448 782 1505 eastra
804 1460 899 1524 super
922 1439 1033 1505 dulces
1055 1441 1160 1524 posuit
1181 1440 1321 1505 sitientia
1341 1439 1456 1504 fontes.

535 1565 581 1601 πει
677 1542 805 1634 confluit
826 1543 869 1609 ad
890 1543 1015 1626 gelidas
1037 1543 1154 1608 ardens
1176 1544 1333 1609 exercitus
1355 1542 1475 1622 undas,

676 1646 921 1730 incumbuntque
944 1647 1006 1712 siti.
1054 1666 1115 1729 quo
1138 1666 1223 1711 more
1246 1646 1412 1711 canalibus
1434 1646 1515 1711 horti

675 1750 859 1815 innumerae
882 1749 1056 1815 densantur
1076 1769 1172 1834 apes,
1199 1770 1268 1814 oum
1292 1750 1359 1815 sole
1382 1750 1441 1815 sub
1463 1746 1529 1814 alto

675 1853 739 1916 iam
762 1873 833 1918 sese
856 1874 874 1918 e
896 1860 991 1938 pastu
1013 1853 1170 1933 referunt,
1199 1853 1326 1936 rivoque
1348 1853 1459 1918 fluenti

677 1955 859 2020 mellificum
881 1956 962 2021 bibit
983 1976 1098 2038 agmen
1120 1975 1238 2039 aquas,
1264 1956 1312 2020 sic
1332 1956 1407 2039 igne
1430 1963 1595 2041 perustum

677 2079 734 2142 per
755 2058 841 2143 ripas
864 2059 926 2125 ruit
947 2079 1039 2124 omno
1062 2079 1174 2142 genus.
1222 2079 1286 2123 non
1308 2059 1399 2125 frena
1420 2059 1585 2126 retardant

677 2159 863 2244 cornipedes
887 2159 1038 2239 domitos;
1065 2180 1127 2225 non
1149 2181 1232 2242 quae
1254 2180 1351 2246 snper
1372 2180 1429 2225 ora
1450 2161 1589 2226 camelos

677 2263 806 2329 vincula
827 2283 900 2328 rara
920 2270 1040 2329 tenent.
1087 2264 1214 2329 mistum
1237 2283 1339 2347 genus
1362 2283 1455 2329 omne
1477 2264 1608 2329 bibebat

678 2364 854 2448 undivagos
876 2364 1000 2431 latices.
1045 2366 1158 2431 ardent
1180 2365 1352 2450 sitiuntque
1374 2365 1531 2431 bibentes.

677 2469 730 2536 hic
752 2470 888 2553 genibus
910 2469 1000 2552 fixis,
1025 2470 1171 2536 manibus
1194 2470 1274 2536 bibit
1295 2470 1352 2535 ille
1374 2469 1513 2551 cavatis,

535 2592 539 2603 ·
570 2592 582 2627 τ»
677 2591 793 2657 pronus
815 2592 915 2656 aquas
936 2572 1021 2636 alius
1043 2572 1155 2637 lambit
1176 2572 1216 2638 de
1238 2571 1367 2639 flumine
1389 2573 1512 2654 lingua.

676 2676 732 2741 ille
754 2674 869 2741 uadum
891 2683 1022 2760 potans,
1048 2683 1190 2760 pateram
1213 2682 1301 2741 tenet
1321 2677 1403 2742 alter
1424 2682 1457 2741 et
1479 2694 1601 2739 urnam.

677 2778 808 2844 flumina
828 2779 893 2844 iam
915 2779 1071 2844 minuunt.
1108 2778 1197 2862 ipsas
1219 2778 1389 2863 impressat
1408 2779 1546 2844 harenas

677 2882 812 2966 belliger
834 2902 904 2964 ore,
930 2902 1026 2966 super
1047 2882 1178 2948 foedant
1199 2902 1279 2965 quas
1302 2902 1400 2967 saepe
1422 2880 1578 2946 movendo

676 2984 919 3071 quadrupedes,
944 2985 1119 3067 mistasque
1141 2984 1214 3050 fimo
1236 3005 1295 3050 nec
1316 2984 1439 3070 respuit
1460 2983 1564 3050 undas

575 3111 581 3142 ι
676 3089 769 3154 turba
790 3088 844 3154 siti
867 3088 1005 3154 fervens.
1052 3087 1185 3154 miseros
1207 3089 1254 3154 sic
1275 3087 1370 3154 flatus
1391 3087 1519 3171 agebat.

761 3192 888 3277 Syrtica
909 3199 1014 3258 castra
1036 3198 1161 3271 tamen,
1186 3191 1284 3256 nimio
1306 3191 1432 3257 turbata
1454 3210 1589 3276 pavore,

677 3314 775 3361 saeva
797 3295 1010 3361 subalternis
1032 3295 1144 3360 urebat
1164 3294 1293 3360 flamma
1314 3293 1453 3379 periclis.

676 3419 813 3481 namque
835 3418 931 3483 super
952 3405 1047 3464 vento
1068 3398 1196 3481 gravior
1217 3397 1311 3462 timor
1331 3398 1401 3482 ipse
1423 3397 1563 3480 fatigans

675 3501 938 3584 ingeminansque
961 3502 1046 3567 sitim
1067 3508 1180 3585 gentes
1202 3501 1344 3585 pellebat
1364 3520 1491 3566 amaras

534 3623 565 3661 a
675 3604 722 3669 ire
744 3605 870 3689 procul,
895 3604 1010 3671 retinet
1030 3603 1089 3669 sed
1111 3604 1210 3668 victos
1232 3603 1359 3669 Africus
1381 3604 1456 3686 igne

676 3707 853 3792 impediens
876 3708 1020 3793 populos.
1067 3707 1208 3791 captivos
1230 3707 1407 3791 comprimit
1428 3706 1524 3772 Afros

677 3811 804 3876 horrida
825 3831 921 3876 mors.
967 3810 1101 3876 miseros
1122 3809 1242 3895 praedo
1263 3817 1393 3893 urguet,
1419 3809 1548 3875 flamma
1569 3808 1727 3879 retardat,

677 3915 790 3981 lancea
810 3926 903 3998 terga
925 3914 997 3981 ferit
1019 3914 1223 3987 miserorum,
1248 3920 1378 3998 pectora
1399 3914 1508 3980 turbat

676 4016 803 4081 Africus
824 4017 900 4100 igne
923 4017 1041 4083 calens.
1090 4016 1211 4101 campis
1233 4022 1392 4100 prostrata
1413 4014 1550 4081 cadebat

675 4118 769 4183 turba
790 4139 933 4202 gemens.
980 4119 1111 4185 moritur
1131 4119 1230 4183 variis
1251 4137 1309 4203 per
1331 4118 1426 4185 devia
1447 4118 1533 4186 fatis.

676 4218 728 4285 hic
749 4221 836 4286 venti
857 4222 1011 4303 flammis,
1038 4222 1089 4287 hio
1110 4221 1200 4287 saevi
1221 4222 1353 4286 vulnere
1375 4220 1468 4303 ferri,

675 4321 727 4386 hic
748 4322 790 4387 ab
812 4329 944 4405 utroque
966 4322 1062 4388 cadit.
1109 4321 1228 4405 gladiis
1249 4342 1323 4386 uam
1346 4341 1476 4406 corpora
1499 4320 1650 4395 fundunt,

674 4424 793 4491 halitus
815 4426 847 4490 in
870 4445 993 4490 summo
1014 4426 1119 4491 tenuis
1141 4424 1256 4508 quibus
1279 4445 1332 4491 ore
1354 4424 1515 4492 remansit.

673 4529 737 4593 iam
760 4530 888 4614 gravior
909 4529 1002 4596 flatus
1023 4529 1156 4595 veniens
1178 4529 1342 4595 Maurusia
1362 4531 1469 4596 turbat

531 4652 578 4690 *⁵
673 4653 823 4718 corpora,
849 4641 949 4699 morte
970 4652 1128 4719 premens.
1174 4632 1260 4698 misti
1282 4654 1338 4717 per
1360 4640 1451 4718 prata
1473 4632 1630 4699 cadebant

673 4733 751 4801 lessi
773 4734 1009 4819 quadmpedes.
1056 4735 1153 4799 vitam
1175 4752 1244 4799 sors
1266 4753 1366 4800 saeva
1385 4735 1537 4818 negabat.

672 4835 731 4901 sed
752 4843 859 4902 tamen
880 4836 1024 4902 infensas
1046 4854 1185 4920 urguens
1207 4836 1300 4902 timor
1320 4837 1367 4902 ire
1389 4844 1535 4903 catervas

673 4959 731 5023 per
751 4940 878 5005 deserta
898 4940 997 5006 iubet.
1044 4960 1105 5006 neo
1125 4940 1190 5005 iarn
1213 4959 1273 5005 sua
1294 4947 1400 5006 oastm
1421 4941 1528 5006 locare

673 5041 826 5124 permittit
845 5049 961 5124 terror,
986 5043 1045 5108 sed
1068 5043 1180 5126 longas
1201 5043 1294 5128 pellit
1315 5041 1357 5106 ad
1379 5061 1451 5107 oras

547 5166 559 5204 τ
673 5143 834 5227 Massylas
855 5151 979 5227 gentes.
1025 5145 1076 5211 bis
1097 5146 1211 5230 quinos
1232 5145 1359 5211 Africus
1381 5145 1474 5228 ignes

292 5304 697 5311 -.-—-..—-————.-—-

359 5388 410 5437 332
427 5391 491 5437 air-ts
509 5387 599 5437 Mass..
619 5390 683 5435 aiere
704 5386 725 5432 T
793 5387 928 5449 tepidoque
945 5388 1060 5435 dubitans
1078 5387 1156 5436 Mau.
1227 5388 1278 5437 334
1294 5389 1371 5436 duces
1392 5388 1413 5434 Τ
1481 5388 1531 5437 336
1549 5390 1597 5436 orti
1617 5388 1638 5434 Τ
1706 5387 1757 5438 338
1774 5403 1789 5436 e
1808 5388 1900 5452 Hom,

289 5486 317 5522 et
336 5474 356 5520 Τ
425 5475 474 5522 333
492 5477 638 5536 sonumque
659 5474 679 5520 Τ
748 5472 798 5521 346
816 5482 904 5534 potans
923 5472 1012 5531 Mon,
1031 5488 1067 5521 un
1083 5482 1184 5536 portaris
1199 5474 1324 5534 meteret
1341 5474 1466 5535 dubitans,
1486 5475 1612 5537 potensi*
1679 5473 1730 5523 348
1746 5488 1790 5523 ore
1808 5473 1900 5538 Mum,

288 5574 330 5606 on
361 5560 389 5620 T,
416 5575 465 5621 grau
491 5562 593 5608 lectione
618 5564 714 5606 musta
740 5575 764 5605 v.
784 5560 834 5606 3Ιῖ
861 5561 924 5621 ipsis
951 5587 982 5595 -
1010 5560 1110 5608 baronis
1136 5560 1208 5608 scribi
1233 5574 1302 5620 poue
1328 5562 1447 5609 intellait
1476 5559 1554 5609 Mass.
1713 5559 1764 5609 352
1790 5576 1852 5608 sans
1880 5561 1902 5608 Τ

289 5645 338 5694 362
357 5648 417 5693 hee
437 5646 457 5692 T
560 5647 637 5704 gladii
656 5644 734 5692 Muza
840 5659 897 5693 nam
915 5645 1001 5703 Bata,
1021 5659 1070 5693 nou
1091 5645 1111 5691 T
1214 5647 1264 5694 365
1282 5647 1405 5694 cadebant
1425 5646 1446 5692 Τ
1549 5646 1600 5696 366
1616 5660 1669 5695 son
1686 5645 1774 5709 Beki„
1793 5660 1860 5696 non
1880 5646 1901 5693 Τ

288 5732 337 5781 36ἷ
357 5735 465 5780 intutu
485 5732 504 5778 Τ
607 5731 657 5779 avo
674 5734 748 5791 ignes
767 5729 856 5781 Mass..
876 5733 966 5790 ingens
987 5732 1007 5778 Τ
