4440 6276
1018 427 1164 484 CORIPPI

671 618 831 683 Carcasan
853 616 967 682 vicisse
989 622 1100 701 putati
1121 636 1216 698 quern
1238 622 1379 700 ternpore
1402 622 1487 680 certo

671 720 807 786 subiciet
828 726 901 803 post
921 720 1009 785 bella
1030 719 1128 801 deus,
1153 719 1357 801 vinctumque
1379 719 1502 784 videbit

671 822 763 908 plebs
785 823 928 888 Romana
949 821 1016 887 suis
1038 821 1294 906 captivatumque
1317 822 1375 887 sub
1398 822 1504 886 armis.

671 932 745 990 ante
765 924 875 991 tubam
896 944 1053 1007 memora,
1078 924 1149 1009 quis
1170 930 1308 989 mentem
1330 930 1429 989 terror
1450 923 1560 1008 adegit

670 1028 805 1094 insidias
826 1033 1011 1110 vestrosque
1033 1028 1123 1093 dolos
1144 1026 1336 1110 fraudesque
1357 1028 1526 1092 tuorum'i

755 1137 830 1196 tunc
851 1129 1014 1196 Nasamon
1035 1129 1185 1215 pinnatus
1206 1129 1262 1194 ait.
1312 1131 1381 1194 ‘me
1402 1135 1517 1195 cuncta
1538 1129 1633 1196 fateri

669 1234 770 1299 iussio
793 1232 874 1299 dura
894 1232 1020 1318 premit.
1066 1239 1197 1297 mortem
1219 1232 1295 1298 licet
1315 1231 1387 1317 ipsa
1408 1232 1567 1298 minentur

671 1336 769 1401 verba
790 1335 869 1400 mibi
891 1335 1053 1418 meritam,
1078 1354 1213 1402 narrans
1235 1342 1341 1401 tamen
1363 1334 1471 1401 omnia
1492 1334 1608 1400 dicam.
1643 1361 1645 1365 ·

672 1442 830 1505 Carcasan
852 1439 966 1503 nostris
989 1438 1054 1504 dux
1076 1446 1126 1505 est
1146 1438 1337 1504 fortissimus
1359 1437 1468 1504 armis.

671 1542 766 1607 buius
787 1542 820 1606 in
842 1540 983 1626 suspicio
1005 1541 1104 1606 nostri
1126 1560 1200 1626 spes
1222 1540 1363 1606 maxima
1383 1539 1474 1623 regni
1496 1547 1561 1623 est,

564 1693 568 1705 .
671 1652 705 1711 et
725 1645 895 1710 manifesta
916 1650 1033 1709 manet.
1080 1644 1195 1709 cecinit
1216 1644 1262 1709 sio
1284 1643 1433 1726 gentibus
1455 1645 1590 1709 Ammon

671 1749 839 1826 fatidicus,
864 1747 981 1813 nostris
1004 1746 1127 1812 donans
1148 1767 1206 1831 per
1227 1746 1351 1831 proelia
1373 1746 1492 1812 Mauris

671 1851 801 1936 Byzacii
823 1869 968 1936 campos,
995 1849 1156 1916 Carcasan
1177 1850 1224 1916 ire
1246 1850 1417 1934 superbum

671 1975 729 2040 per
749 1952 885 2038 Libycos
907 1953 1041 2038 populos
1063 1960 1095 2018 et
1116 1972 1230 2037 pacem
1253 1951 1387 2018 reddere
1409 1953 1538 2019 mundo.

671 2056 834 2123 Ammonis
856 2055 907 2121 bis
929 2055 1022 2121 dictis
1044 2062 1157 2139 gentes
1179 2056 1314 2121 Bellona
1335 2055 1442 2141 codgit

670 2162 853 2227 innumeras
874 2166 997 2225 vestros
1018 2158 1133 2224 iterum
1155 2178 1297 2225 remeare
1319 2178 1377 2243 per
1397 2178 1509 2241 agros,

671 2265 741 2346 ipsc
763 2262 892 2347 quidem
914 2262 1024 2328 ductor
1045 2269 1149 2328 tecum
1173 2262 1368 2328 committere
1389 2281 1530 2346 pugnam

669 2368 735 2432 iam
758 2366 868 2432 voluit.
914 2372 1042 2430 vertens
1063 2365 1186 2430 animos
1208 2364 1385 2430 Guenfeius
1408 2363 1509 2430 hostis

672 2469 796 2535 distulit
815 2489 905 2533 arma
926 2468 987 2533 viri
1008 2474 1209 2550 mentemque
1230 2488 1251 2532 a
1274 2468 1374 2533 Marte
1396 2466 1538 2551 reflexit,

672 2572 803 2637 oonsilio
825 2571 883 2637 sed
905 2570 1001 2636 valde
1022 2570 1125 2654 gravi.
1171 2577 1205 2636 tu
1229 2571 1346 2656 quippe
1369 2570 1503 2654 fugaces

671 2693 750 2758 quos
772 2675 906 2759 populos
927 2693 1011 2739 nunc
1032 2693 1119 2756 rere,
1144 2672 1249 2757 magis
1272 2693 1335 2738 non
1356 2680 1458 2738 terror
1478 2674 1613 2740 scerbus

672 2778 731 2842 bos
752 2777 856 2861 agitat
876 2777 1017 2842 victosve
1039 2784 1167 2862 pavent.
1214 2783 1249 2842 ut
1271 2782 1378 2841 vestra
1399 2775 1512 2860 fatiget

671 2886 777 2947 castra
798 2879 917 2963 fames,
942 2879 1063 2946 finxere
1086 2879 1211 2964 fugam,
1236 2879 1393 2962 vobisque
1416 2880 1542 2946 labores

671 2991 738 3049 arte
760 2989 884 3068 parant.
931 2990 1045 3066 gentes
1066 2988 1193 3047 nostras
1214 3001 1255 3048 ue
1278 2981 1371 3047 crede
1394 2981 1545 3065 fugaces,

672 3086 700 3151 si
722 3086 832 3152 veniat
851 3085 1001 3171 princeps
1022 3092 1185 3167 totumque
1207 3084 1375 3150 exhauriat
1395 3085 1502 3150 orbem

672 3208 778 3254 secum
801 3189 844 3255 ad
864 3189 952 3254 bella
972 3207 1113 3255 movens.
1160 3208 1221 3254 nec
1242 3187 1456 3254 Maximianus
1478 3195 1606 3274 apertas

671 3293 722 3357 bis
744 3292 846 3377 potuit
866 3292 1009 3357 conferre
1030 3311 1163 3374 manus,
1190 3311 1261 3356 cum
1284 3297 1410 3374 sceptra
1431 3298 1555 3358 teneret

672 3395 807 3460 Romani
828 3395 976 3480 princeps
998 3395 1124 3479 populi,
1149 3393 1311 3478 victorque
1333 3414 1391 3479 per
1411 3413 1521 3461 omnes

672 3498 847 3563 Poenorum
871 3503 983 3579 gentes
1005 3496 1101 3562 bellis
1122 3497 1272 3563 transiret
1291 3497 1426 3563 ac'erbis.

672 3600 839 3682 almodo,
866 3620 938 3665 cum
960 3599 1058 3665 donet
1079 3600 1240 3684 responsis
1263 3600 1376 3666 certior
1397 3602 1532 3666 Ammon

671 3723 826 3789 prospera
846 3703 935 3768 bella
957 3703 1041 3785 suis,
1067 3704 1256 3788 Laguauian
1278 3704 1391 3769 cedere
1414 3703 1516 3787 signis

671 3815 728 3872 aut
750 3806 873 3891 fugisse
894 3812 1010 3892 putari
1030 3807 1133 3872 velles
1154 3806 1231 3889 hoc,
1257 3807 1368 3873 ductor
1388 3808 1515 3873 acerbe.
1566 3883 1571 3891 ,

673 3910 730 3976 sed
752 3929 814 3976 nun
836 3909 883 3975 sie
903 3916 959 3975 tua
980 3909 1049 3975 fata
1069 3910 1202 3976 volent'.
1248 3916 1324 3976 tunc
1344 3908 1443 3976 verbs
1464 3910 1598 3977 furentis

671 4013 843 4096 indignans
864 4013 988 4079 saevire
1011 4013 1083 4096 diu,
1110 4013 1157 4079 sic
1177 4034 1232 4079 cra
1253 4013 1396 4080 resolvit.

676 4120 728 4182 ‘ut
748 4117 853 4200 magis
875 4116 933 4182 bos
954 4123 1077 4182 nostros
1099 4117 1237 4183 teneatis
1259 4117 1375 4183 certius
1397 4120 1517 4200 agros'.

673 4221 720 4285 sio
741 4220 787 4284 ait
808 4226 841 4285 et
862 4219 1000 4303 quinque
1023 4220 1139 4285 erectis
1159 4220 1250 4286 iubet
1270 4220 1380 4287 ordine
1403 4220 1500 4305 lignis

672 4323 780 4408 stipite
802 4322 957 4407 suspendi
979 4323 1166 4388 morientum
1189 4324 1271 4389 oolla
1291 4323 1424 4390 bicorni.

671 4427 760 4492 iussu
783 4425 949 4511 praecipiti
970 4426 1093 4491 celeres
1116 4425 1221 4493 fecere
1242 4426 1387 4492 ministri.

644 4603 696 4610 ...—

359 4705 408 4754 506
427 4705 570 4754 subi··iteT
664 4704 711 4753 bili
732 4704 954 4765 ratiustumqucT
1050 4703 1098 4751 509
1117 4709 1213 4752 tuorum
1229 4704 1259 4763 T,
1274 4706 1340 4752 tueri
1352 4703 1443 4764 Mosa,
1458 4719 1548 4753 nonme
1560 4707 1690 4766 requiritur
1784 4704 1834 4753 iio
1854 4705 1907 4754 Na·

288 4807 372 4842 ssmou
392 4791 482 4851 Mass„
501 4792 616 4840 sadsmon
636 4791 656 4837 T
760 4790 806 4838 511
827 4793 896 4838 luxlo
917 4791 937 4837 T
1038 4791 1093 4852 ipss
1113 4790 1134 4836 T
1236 4789 1282 4839 521
1303 4792 1358 4853 ipse
1376 4791 1479 4853 quidem
1496 4794 1589 4852 scripsi,
1611 4793 1664 4853 ipse
1682 4792 1727 4853 qui
1747 4793 1777 4852 T,
1798 4793 1906 4854 ipseque

289 4880 332 4940 qni
345 4877 423 4927 Musa.
529 4875 577 4926 524
596 4884 625 4925 tu
639 4877 669 4938 T,
690 4886 742 4924 ium
756 4876 833 4925 Mosa.
940 4874 1284 4937 sitsuccessurum
1387 4891 1441 4925 rere
1455 4877 1484 4934 T,
1505 4878 1554 4925 irre
1571 4879 1636 4937 lepti,
1658 4879 1696 4925 irs
1712 4879 1808 4938 scripsit
1822 4877 1903 4929 Maza.

290 4964 339 5014 526
357 4967 471 5013 niciosus
492 4964 521 5025 T,
546 4966 674 5025 uictosque
692 4965 748 5024 icqit
766 4962 843 5011 Mosa.
984 4961 1034 5012 529
1052 4963 1140 5012 ueniat
1157 4963 1242 5022 Belle,
1267 4965 1353 5011 ueniat
1373 4964 1394 5010 T
1532 4963 1580 5012 535
1600 4965 1678 5023 siguis
1696 4963 1784 5022 Musa„
1805 4965 1860 5012 suis
1883 4964 1906 5010 Τ

289 5049 339 5100 536
357 5050 435 5098 uallss
456 5050 476 5096 T
578 5052 664 5099 acerbe
682 5049 825 5111 Mommsen,
845 5050 928 5098 acrius
948 5050 968 5096 T
1083 5046 1217 5098 539-540
1235 5064 1332 5098 oasim
1349 5064 1428 5098 anam
1445 5049 1593 5099 intercidisse
1609 5052 1749 5110 suspicetur
1769 5049 1907 5098 ilomrmsss

290 5135 336 5186 541
358 5136 535 5198 subspendiT
638 5136 786 5183 morientum
808 5136 837 5198 T,
858 5137 974 5184 morietur
991 5137 1059 5196 lectt,
1080 5135 1218 5184 blaummm
1236 5139 1333 5197 scripsit
1352 5135 1430 5184 Moza.
1537 5136 1585 5186 542
1604 5136 1719 5184 lussltT

939 5412 1245 5420 ——-———-——
