4440 6276
1029 425 1177 481 OORIPPI

758 614 901 698 plaustra
922 621 1054 696 gemunt
1075 621 1207 680 onerata
1228 614 1307 697 viis,
1332 613 1469 697 altisque
1492 613 1628 678 camelis

673 716 776 782 fervet
797 717 867 783 iter.
916 717 1033 781 ferrum
1056 718 1240 784 resonantia
1262 717 1402 783 concutit
1424 737 1512 782 aera.

674 822 781 886 omnia
801 841 858 905 per
880 821 963 887 latos
985 827 1173 886 convectant
1193 821 1309 885 horrea
1329 839 1477 905 campos,

672 944 825 1007 armaque
847 924 949 989 multa
970 924 1046 988 airis
1068 944 1155 989 more
1178 923 1390 1008 expendenda
1411 923 1544 988 Latinis.

673 1027 801 1111 iamque
824 1026 922 1093 duces
944 1026 1116 1092 hincinde
1139 1035 1234 1092 ruunt
1256 1027 1417 1110 fortesque
1440 1027 1576 1107 tribuni,

673 1130 883 1212 victricesque
905 1131 1011 1196 ferunt
1032 1131 1176 1214 aquilas,
1201 1137 1297 1214 atque
1320 1130 1452 1213 agmina
1474 1129 1621 1194 densant.

760 1234 895 1299 mittitur
917 1241 949 1298 et
971 1234 1084 1299 sollers
1108 1234 1254 1317 geminas
1275 1253 1465 1319 componere
1487 1239 1596 1318 partes

676 1337 892 1419 stephanides
913 1336 1039 1401 iuvenis
1062 1336 1201 1402 discreta
1223 1343 1330 1402 mente
1352 1337 1523 1402 Iohannes.

676 1459 813 1522 namque
835 1440 920 1505 inter
942 1458 1013 1505 sese
1037 1440 1109 1506 duri
1130 1440 1195 1504 iarn
1219 1440 1343 1506 semina
1364 1440 1444 1506 belli

534 1563 538 1574 ·
568 1561 580 1595 τ»
677 1560 793 1607 saevus
815 1541 965 1607 Itisdaias
987 1549 1020 1607 et
1040 1542 1124 1608 lidus
1146 1543 1268 1607 Casina
1289 1542 1424 1626 sumptis

571 1638 575 1645 ’
676 1652 751 1711 tunc
773 1645 914 1710 habuere
937 1644 1032 1710 odiis.
1079 1646 1200 1711 bellum
1222 1646 1287 1710 iam
1311 1645 1406 1711 corda
1429 1645 1568 1710 futurum

677 1755 826 1833 coeperat
846 1748 970 1813 alterno
995 1750 1190 1814 succendere
1212 1750 1349 1814 barbara
1371 1755 1474 1829 motu,

679 1852 802 1916 invidia
824 1853 1006 1935 geminante
1028 1852 1104 1916 iras.
1151 1853 1237 1917 hunc
1258 1871 1335 1934 ergo
1358 1851 1512 1933 magister

679 1956 762 2020 inter
783 1962 951 2037 utrumque
973 1956 1064 2021 iubet
1085 1955 1244 2041 placidam
1268 1974 1456 2040 componere
1479 1974 1592 2038 pacem

680 2064 713 2122 et
735 2058 850 2123 sedare
872 2059 956 2124 viros
978 2059 1131 2143 ipsasque
1153 2077 1316 2125 arcessere
1339 2066 1452 2141 gentes

680 2161 823 2227 subsidio
846 2182 960 2226 rerum.
1009 2182 1068 2227 nec
1091 2162 1189 2227 duras
1211 2161 1338 2227 flectere
1361 2169 1484 2227 mentes

680 2272 736 2330 aut
756 2265 881 2330 animos
902 2264 986 2330 alius
1009 2272 1119 2349 posset
1139 2266 1268 2350 placare
1291 2265 1423 2330 feroces.

680 2367 733 2432 hic
756 2373 880 2451 poterat
901 2367 1031 2433 rabidas
1052 2368 1160 2433 verbis
1182 2387 1406 2433 mansuescere
1429 2367 1530 2449 tigres

681 2478 777 2554 atque
800 2471 885 2536 feros
907 2470 995 2536 facili
1017 2472 1162 2537 mulcens
1185 2491 1329 2536 sermone
1352 2472 1462 2536 leones

539 2592 587 2629 ἀὑ
682 2581 929 2659 serpentumque
952 2574 1070 2638 malum
1094 2573 1190 2640 dietis
1212 2593 1322 2639 arcere
1345 2593 1513 2639 venenum.

683 2675 807 2742 distulit
828 2676 857 2740 is
880 2676 953 2740 lites
975 2676 1100 2741 alterna
1121 2684 1213 2761 parte
1235 2676 1393 2757 furentes,

684 2779 933 2863 compressitque
955 2778 1048 2843 nefas
1069 2786 1102 2844 et
1122 2765 1249 2864 pactum
1272 2780 1422 2863 gentibus
1443 2778 1536 2844 auxit

684 2890 753 2948 arte
774 2902 867 2948 nova.
914 2901 993 2965 quos
1016 2901 1113 2966 saepe
1136 2890 1256 2964 metus,
1283 2903 1362 2966 quos
1384 2883 1440 2948 ille
1462 2882 1588 2947 labores

685 2986 769 3050 inter
790 2991 958 3067 utmmque
981 2985 1069 3067 tulit,
1096 2991 1201 3050 tantas
1224 2984 1300 3050 dum
1321 2984 1463 3050 flecteret
1484 2984 1564 3048 irasl

685 3108 742 3174 pro
764 3088 869 3172 pratria
890 3088 986 3153 libuit
1006 3094 1053 3154 tot
1075 3108 1175 3154 saeva
1197 3089 1340 3173 pericula
1362 3088 1458 3152 ferre.

686 3191 863 3274 composuit
885 3196 1015 3272 gentes,
1042 3191 1223 3275 pariterque
1246 3191 1288 3255 ad
1311 3189 1435 3275 proelia
1456 3187 1563 3253 movit.

772 3293 920 3358 convenit
941 3314 1018 3376 ergo
1039 3294 1196 3377 fremens,
1222 3292 1320 3358 variis
1342 3297 1472 3356 omatus
1494 3289 1527 3354 in
1549 3289 1664 3369 armis,

686 3395 932 3478 innumerasque
954 3396 1042 3462 acies
1065 3397 1245 3462 Mauromm
1268 3395 1302 3460 in
1324 3394 1446 3479 proelia
1469 3391 1579 3458 ‹luotm

687 3498 808 3564 Casina
829 3498 912 3564 fidus
935 3499 1012 3582 agit.
1061 3500 1226 3565 commotis
1248 3498 1354 3563 omnia
1377 3495 1488 3561 cannis

543 3622 588 3639 ··’
687 3621 766 3666 arva
787 3607 929 3684 gemunt.
976 3601 1116 3667 solidant
1137 3602 1220 3666 latos
1242 3599 1380 3682 vestigia
1402 3619 1542 3684 campos.

686 3704 743 3769 ille
766 3704 866 3770 duces
887 3704 1030 3789 proprios
1052 3704 1182 3789 triginta
1204 3703 1313 3768 forhor
1334 3709 1453 3780 armat3

687 3812 720 3872 et
740 3806 886 3890 quamvis
908 3827 1039 3872 numero
1060 3806 1183 3872 milleni
1206 3825 1363 3889 quemque
1386 3811 1576 3888 sequautur,

687 3910 839 3975 Romanis
860 3909 981 3993 gaudet
1003 3929 1073 3975 sese
1095 3917 1203 3976 tamen
1225 3928 1298 3974 esse
1320 3909 1508 3993 magistrum

686 4013 841 4078 militibus
862 4012 1021 4093 medium,
1047 4032 1127 4095 quos
1148 4013 1297 4097 princeps
1317 4011 1477 4076 maximus
1499 4010 1585 4076 orbis

685 4116 757 4199 ipse
780 4115 870 4181 dedit
890 4116 980 4201 pacis
1002 4116 1105 4182 socios
1128 4135 1319 4199 pugnaeque
1341 4114 1513 4180 ministros.

686 4219 753 4285 illis
775 4220 875 4284 fretus
898 4226 982 4297 erat,
1008 4226 1182 4303 gentesque
1205 4225 1238 4284 et
1258 4218 1346 4283 bella
1368 4218 1528 4284 domabat.

772 4321 862 4387 venit
882 4321 1031 4388 Ifisdaias
1053 4329 1178 4387 centum
1201 4342 1273 4387 cum
1296 4321 1425 4386 milibus
1446 4319 1581 4404 ardens,

687 4425 816 4490 Arauris
838 4431 871 4490 et
891 4424 974 4491 latos
996 4424 1141 4509 implevit
1162 4432 1256 4490 tarua
1277 4443 1425 4508 eampos;

688 4527 745 4593 sed
768 4546 918 4593 numerus
940 4528 1055 4593 virtute
1077 4528 1191 4593 minor.
1235 4534 1343 4593 tamen
1365 4533 1457 4591 omat
1476 4525 1509 4591 in
1531 4526 1646 4601 aunis,

545 4654 592 4692 πε,
688 4631 821 4697 hostiles
842 4631 930 4696 acies
951 4630 1024 4696 visu
1046 4637 1202 4714 terrente,
1229 4651 1287 4715 per
1309 4629 1417 4695 hostes

688 4735 811 4820 proelia
832 4734 907 4800 dum
930 4735 1065 4801 miscent
1088 4735 1197 4800 densis
1219 4734 1396 4818 asperrima
1418 4733 1502 4798 telis.

688 4838 906 4921 arrxiliumque
929 4838 1019 4903 dedit
1040 4839 1135 4903 rebus
1158 4837 1333 4902 famulatus
1358 4834 1496 4915 laudas,

690 4962 760 5006 cum
783 4948 858 5006 nato
881 4941 1013 5006 comites
1035 4941 1085 5007 his
1109 4940 1196 5006 senis
1218 4939 1347 5004 milibus
1368 4959 1508 5004 amians.

688 5045 795 5109 omnia
816 5050 921 5109 oastm
943 5044 1038 5109 simul
1060 5044 1242 5129 praefectus
1264 5044 1384 5109 Bezina
1406 5042 1493 5107 ducit

545 5167 592 5209 aar
689 5147 898 5229 conveniens,
925 5166 1083 5232 agrosque
1105 5147 1173 5213 suis
1196 5147 1387 5231 pecuaribus
1408 5145 1531 5231 implet.

372 5391 422 5442 2³6
439 5392 590 5441 honorataT
659 5391 777 5454 queadd.
795 5391 872 5440 Meas.
962 5390 1012 5440 239
1025 5405 1090 5439 more
1105 5391 1134 5450 T,
1149 5404 1205 5439 mox
1220 5390 1352 5439 Mommsen
1438 5388 1487 5438 24³
1501 5387 1689 5437 sthatauldesT
1775 5386 1929 5453 245sump·

303 5479 442 5539 tlsucrlpat,
458 5480 551 5526 functis
566 5478 595 5529 T.
610 5480 690 5526 farneti
705 5477 794 5537 Muza,
814 5476 903 5537 sedes.
920 5477 1011 5527 luta.
1036 5478 1100 5525 VIII
1113 5480 1160 5525 179
1267 5477 1315 5525 250
1332 5476 1492 5524 arcessared’
1594 5473 1645 5523 256
1662 5474 1861 5535 lalltastcrtprl,
1882 5474 1929 5524 tue

304 5567 331 5612 tir
345 5567 360 5614 t.
376 5578 397 5612 e.
412 5565 455 5612 llle
468 5571 551 5612 tamen
566 5564 586 5610 t
690 5563 739 5613 264
758 5577 839 5612 cosma
854 5563 874 5609 T
955 5565 1083 5610 commotis
1096 5563 1182 5619 Belca,
1197 5564 1350 5610 commmatio
1365 5563 1394 5621 Τ,
1409 5563 1583 5609 comitantibus
1597 5560 1675 5609 uae.
1758 5561 1833 5608 carris
1846 5558 1926 5611 Man.

304 5649 353 5698 268
373 5652 491 5709 magister
511 5650 531 5696 T
640 5649 690 5698 27³
708 5652 802 5699 arsuris
823 5649 852 5707 t,
873 5649 975 5696 Aurasii
996 5647 1086 5709 diuza„
1106 5650 1213 5708 Arzugis
1231 5649 1317 5707 Haupt
1337 5647 1427 5707 Opere.
1448 5647 1494 5693 111
1510 5649 1561 5694 old
1665 5645 1784 5707 impleult
1800 5649 1871 5693 torua
1891 5646 1931 5708 (tn

303 5740 413 5796 mareiae
431 5738 527 5797 cornus)
549 5749 647 5798 campos
667 5736 696 5794 Τ,
717 5749 815 5798 campos
832 5734 969 5796 compleuit
987 5740 1013 5783 at
1030 5748 1089 5783 arua
1108 5733 1187 5784 Muza.
1293 5731 1343 5782 274
1362 5737 1390 5781 tr‘r
1409 5739 1481 5782 ornat
1502 5733 1532 5796 Τ,
1552 5738 1621 5781 tenta
1638 5737 1711 5780 ornat
1726 5731 1813 5780 archen
