4440 6276
332 424 392 488 Lx
1029 427 1259 482 Pnoomrrvu.

331 647 479 714 storioam
501 668 697 732 magnopere
720 648 854 728 adiurit,
887 656 919 713 et
941 656 1123 734 poetarum,
1155 672 1234 734 quos
1257 651 1415 736 Corippus
1438 653 1573 735 legisse,
1605 652 1782 737 expilasse,
1815 652 1959 717 imitatus

331 788 404 834 esse
433 766 574 848 ridetur,
607 767 693 832 locos
715 768 761 833 ita
784 768 928 852 collegit,
961 777 996 834 ut
1024 791 1088 836 non
1116 771 1210 837 modo
1236 771 1413 837 litterarum
1440 772 1592 837 historiae
1620 772 1773 837 studiosis
1804 771 1958 837 iudicium

330 888 370 953 de
393 894 506 972 poetae
528 887 658 970 ingenio
681 896 864 972 promptum
886 897 918 955 et
939 898 1086 973 apertum
1108 899 1204 972 esset,
1231 891 1288 957 sed
1311 891 1408 957 etiam
1430 891 1647 957 emendationi
1669 890 1863 957 Iohannidos
1882 891 1960 955 sub-

330 1007 416 1074 sidia
444 1006 575 1072 aliunde
604 1007 707 1072 accita
735 1016 935 1092 pararentur.
981 1009 1121 1086 Quibus.
1135 1011 1251 1077 stodiis
1280 1019 1315 1076 ut
1343 1031 1378 1077 se
1399 1012 1506 1096 ipsum
1528 1010 1572 1076 ad
1594 1010 1726 1095 Corippi
1748 1011 1958 1076 Iohannidem

330 1126 559 1194 recensendam
582 1128 713 1210 egregie
735 1129 933 1209 accinxerat,
964 1130 1011 1195 ita
1040 1131 1113 1195 aliis
1144 1131 1229 1196 riam
1252 1131 1393 1197 criticam
1416 1131 1563 1196 munivit.
1609 1132 1647 1196 A.
1677 1133 1758 1194 1836
1782 1131 1884 1196 altera
1906 1131 1960 1195 Io-

329 1247 486 1312 hannidos
509 1246 607 1312 editio
630 1249 816 1333 comparuit,
837 1248 1048 1314 ,Bekkeriana
1071 1250 1202 1335 Corpori
1224 1251 1413 1335 scriptorum
1436 1251 1587 1316 historiae
1603 1251 1802 1334 Byzantinus
1825 1250 1955 1315 inserta.

330 1367 492 1433 Debemus
515 1366 590 1432 huic
619 1368 796 1433 recensioni
825 1367 1060 1434 enuntiatorum
1090 1369 1327 1435 distinctionem
1349 1372 1449 1436 multo
1478 1372 1652 1451 meliorem,
1692 1378 1813 1437 textum
1841 1370 1959 1435 deinde

329 1487 502 1570 diligenter
529 1495 700 1570 purgatum
730 1495 762 1553 et
790 1489 981 1572 perpolitum
1004 1489 1201 1554 Lachmanni
1230 1497 1262 1554 et
1291 1490 1433 1556 Bekkeri
1462 1491 1563 1571 curis,
1603 1491 1658 1574 qui
1688 1490 1878 1556 coniecturis
1907 1490 1960 1553 in-

329 1607 470 1691 geniosis
503 1625 601 1691 saepe
632 1607 762 1692 (lorippi
792 1609 889 1674 rerba
919 1610 1059 1692 genuina
1088 1609 1290 1675 librariorum
1320 1611 1526 1694 neglegentia
1554 1612 1710 1676 offuscata
1738 1611 1954 1691 restituerunt,

328 1727 521 1810 aliquotiens
542 1726 647 1811 ipsius
668 1727 787 1793 codicis
809 1729 1003 1794 Trirultiani
1031 1729 1199 1795 lectionem
1229 1751 1249 1794 a
1279 1730 1381 1814 primo
1404 1729 1525 1795 editore
1550 1751 1661 1815 parum
1684 1739 1885 1815 perspectam
1909 1729 1959 1794 di-

329 1848 489 1914 vinarunt.
536 1847 697 1929 Bekkero,
724 1868 818 1929 quem
840 1856 957 1914 natura
978 1849 1125 1915 acumine
1148 1870 1280 1925 summo,
1308 1869 1366 1914 sua
1388 1850 1546 1916 industria
1569 1850 1747 1916 eruditione
1770 1849 1959 1935 plenissima

328 1975 513 2048 ornaverat,
543 1988 641 2031 unum
662 1967 694 2032 in
718 1967 809 2033 libris
831 1968 963 2054 (lorippi
985 1969 1191 2036 recensendis
1214 1969 1331 2035 defuit:
1367 1969 1514 2035 codicum
1536 1991 1556 2035 a
1578 1971 1667 2035 nullo
1691 1990 1829 2053 unquam
1852 1970 1914 2034 nisi
1939 1990 1959 2032 a

328 2088 440 2173 primis
464 2088 640 2153 editoribus
661 2087 876 2171 inspectomrrr
899 2110 983 2154 nova
1006 2089 1145 2154 collatio.
1185 2090 1287 2154 Nemo
1310 2110 1450 2173 unquam
1466 2089 1596 2175 Corippi
1619 2089 1717 2154 libros
1733 2090 1822 2173 legit,
1848 2089 1958 2170 quine

327 2208 418 2275 libris
440 2207 665 2292 manuscriptis
687 2207 804 2272 itemm
826 2208 970 2274 excussis
992 2209 1130 2275 fructum
1153 2209 1240 2275 haud
1261 2210 1366 2274 levem
1389 2217 1576 2294 perceptum
1597 2210 1637 2274 iri
1658 2209 1721 2274 sibi
1735 2208 1954 2293 persuaderet.

327 2328 397 2394 Nec
423 2336 500 2412 puto
528 2328 602 2412 plus
631 2327 716 2394 iusto
745 2328 824 2393 milri
854 2348 980 2394 sumere
1012 2350 1084 2395 eam
1111 2348 1201 2414 spem
1223 2329 1419 2395 contendens
1447 2350 1510 2395 non
1540 2349 1656 2394 vanam
1685 2329 1805 2415 luisse,
1840 2329 1958 2411 quique

327 2447 445 2514 deinde
467 2447 610 2514 carmina
631 2448 713 2513 haec
734 2448 864 2513 infimae
888 2467 965 2513 sane
988 2449 1121 2529 aetatis,
1156 2449 1214 2515 sed
1243 2449 1339 2534 pretii
1369 2470 1431 2515 non
1463 2450 1563 2514 infimi
1585 2450 1782 2527 tractabunt,
1817 2454 1903 2514 certo
1926 2457 1959 2513 et

328 2567 438 2635 stabili
461 2566 670 2634 fundamento
693 2561 806 2634 usuros¹
830 2586 912 2649 esse,
939 2588 1001 2650 quo
1024 2567 1131 2635 adhuc
1156 2569 1262 2634 studia
1285 2568 1445 2654 (lorippea
1467 2577 1648 2635 caruerunt.

963 2829 1321 2838 ---

413 3033 482 3096 Iam
505 3052 600 3115 opere
623 3031 769 3098 absoluto
792 3030 888 3097 linem
911 3031 1072 3098 scribendi
1095 3033 1150 3115 qui
1173 3033 1307 3114 faciam,
1334 3033 1396 3098 nisi
1418 3033 1583 3113 omnibus,
1609 3032 1720 3116 quiin
1743 3032 1882 3117 Corippc
1905 3052 1956 3095 re-

327 3152 503 3232 censendo,
537 3151 747 3237 explicando,
781 3125 982 3217 emendando
1005 3173 1056 3219 me
1078 3153 1289 3234 adiuverunt,
1322 3153 1445 3236 gratias
1471 3151 1599 3237 publice
1623 3151 1760 3218 dixerim
1769 3157 1783 3215 l
1825 3151 1957 3216 Praeter

328 3279 452 3340 ceteros
474 3272 559 3338 viros
582 3271 799 3337 nobilissimos
822 3278 854 3336 et
870 3271 1082 3350 doctissimos,
1109 3292 1188 3356 quos
1204 3291 1262 3338 suo
1277 3292 1436 3356 quemque
1451 3271 1607 3356 prooemii
1622 3272 1692 3337 loco
1707 3270 1753 3336 ita
1769 3271 1953 3349 memoravi,

327 3399 379 3477 ut,
413 3391 491 3476 quid
513 3391 557 3457 ad
578 3392 662 3457 hanc
683 3390 859 3457 editionem
880 3392 1065 3474 augendam
1087 3392 1273 3473 contulerit,
1299 3398 1486 3477 appareret,
1513 3412 1611 3456 unum
1634 3411 1674 3457 ex
1697 3390 1811 3456 amicis
1833 3390 1958 3455 Vratis-

327 3512 527 3580 laviensibos
557 3512 633 3594 quin
663 3517 754 3595 grato
784 3511 891 3577 animo
920 3511 972 3576 hic
1000 3511 1161 3577 nominem
1190 3511 1297 3578 facere
1326 3532 1389 3577 non
1419 3530 1568 3597 possum,
1605 3511 1775 3594 Hugonem
1805 3509 1953 3588 Michael,

326 3633 491 3718 gymnasii
512 3630 723 3697 Fridericiani
745 3638 995 3716 praeceptorem.
1043 3631 1187 3710 Quocum
1216 3631 1250 3697 in
1280 3631 1375 3697 rebus
1398 3630 1635 3697 difficilioribus
1656 3638 1780 3696 tantum
1803 3650 1866 3696 non
1888 3649 1957 3694 om-

325 3753 421 3820 nibus
449 3760 517 3820 tam
545 3771 643 3837 saepe
671 3750 840 3817 consilinm
871 3751 1006 3830 contuli,
1041 3759 1076 3816 ut
1097 3771 1202 3834 neque
1225 3750 1375 3817 editionis
1397 3751 1533 3829 libmm,
1567 3770 1626 3817 nec
1655 3750 1809 3835 prooemii
1832 3756 1955 3835 partem

327 3873 426 3939 ullam
448 3873 601 3938 denotare
623 3872 755 3957 possim,
780 3872 814 3938 in
837 3892 902 3954 qua
923 3871 993 3937 eius
1015 3871 1172 3936 auxilium
1195 3870 1274 3936 milri
1297 3870 1447 3938 defuerit.

411 3993 475 4058 Tot
502 3999 663 4058 tantorum
690 3992 829 4058 virorum
859 3991 943 4057 curis
970 3991 1138 4058 benevolis
1161 4011 1201 4058 ne
1223 3989 1358 4075 indigna
1380 3990 1512 4056 editoris
1534 3990 1642 4057 studia
1663 3989 1849 4072 videantur,
1883 3995 1957 4074 opto

325 4121 358 4181 et
379 4132 445 4179 oro.

410 4265 626 4333 Vratislaviae
647 4266 760 4333 Idibus
782 4265 972 4333 Octobribus
994 4285 1026 4329 a.
1054 4266 1148 4330 1879.

1475 4415 1653 4516 loseplrus
1682 4413 1849 4495 Partsclr.
