4440 6276
1143 422 1292 479 CORIPPI

797 612 966 697 conscripti
989 622 1113 698 luntres,
1139 613 1238 679 nostri
1261 631 1336 697 spes
1359 612 1500 677 maxima
1522 611 1631 695 regni,

798 734 853 780 vos
876 717 1103 799 susspectus,
1130 735 1186 782 vos
1209 716 1339 781 brachia
1362 716 1490 782 verticis
1512 715 1624 797 huius,

796 838 928 899 quorum
951 820 1093 884 consiliis
1116 839 1311 902 quorumque
1333 818 1495 884 laboribus
1517 838 1577 882 usa

797 922 927 1004 publica
949 942 1000 988 res
1022 922 1144 987 domuit
1165 930 1278 1005 gentes
1301 930 1333 986 et
1355 942 1454 1003 regna
1477 920 1612 1003 subegit.

798 1044 923 1090 summa
946 1024 1158 1107 regendarum
1182 1044 1259 1088 cura
1280 1033 1330 1089 est
1351 1024 1430 1088 mihi
1452 1023 1573 1089 credita
1594 1042 1711 1086 rerum.

797 1134 831 1190 at
853 1127 929 1210 quia
951 1127 1129 1192 svrbiectum
1152 1134 1292 1192 nostrum
1316 1134 1365 1192 est
1387 1127 1556 1210 disponere
1578 1123 1748 1205 mundum,

797 1250 855 1294 nos
878 1230 973 1295 etiam
995 1230 1085 1295 vobis
1108 1248 1201 1295 curas
1224 1229 1447 1295 committimus
1470 1229 1566 1294 orbis.

757 1418 759 1422 Α
798 1330 1000 1413 alloquimur
1020 1332 1119 1414 fidos,
1145 1339 1178 1397 et
1199 1351 1256 1397 vos
1278 1332 1340 1397 bac
1361 1352 1438 1397 voce
1460 1351 1636 1396 monemus.

798 1434 943 1519 inprimis
966 1434 1046 1499 deus
1069 1443 1118 1500 est
1140 1441 1207 1500 tota
1229 1434 1344 1500 virtute
1366 1433 1537 1517 colendus,

799 1557 925 1622 semper
946 1537 1147 1620 adorandus,
1173 1556 1300 1621 semper
1322 1536 1528 1619 metuendus,
1553 1535 1727 1613 amandus,

798 1642 904 1705 omnia
926 1641 980 1724 qui
1002 1640 1079 1706 fecit
1101 1640 1224 1725 pulchri
1247 1640 1401 1705 miracula
1422 1639 1543 1704 muudi.

798 1764 855 1807 nos
876 1744 1051 1809 imitatores
1073 1744 1202 1809 factoris
1225 1751 1257 1808 et
1278 1744 1384 1807 omniu
1407 1742 1530 1824 dantis,

799 1846 830 1910 in
853 1856 1004 1930 quantum
1027 1855 1141 1912 natura
1163 1848 1267 1930 valet,
1293 1846 1513 1912 contendimus
1536 1866 1619 1911 esse.

800 1957 895 2033 utque
919 1949 999 2014 deus
1022 1950 1138 2026 voluit,
1165 1949 1304 2033 propriis
1326 1957 1423 2034 caput
1443 1950 1564 2034 impero
1587 1947 1749 2013 membris.

655 2072 661 2084 ·
691 2072 703 2110 o
797 2053 953 2117 iustitiam
976 2053 1103 2137 populis
1125 2053 1320 2135 generaliter
1340 2053 1488 2118 omuibus
1510 2073 1645 2134 aequam

799 2162 831 2220 et
852 2156 931 2220 iuris
953 2163 1079 2220 servate
1102 2154 1222 2220 modos.
1271 2155 1432 2239 disponite
1456 2156 1585 2240 plebes,

799 2267 834 2323 ut
855 2258 947 2324 decet
967 2258 1092 2342 imperii
1116 2277 1209 2323 veros
1232 2258 1403 2342 disponere
1426 2266 1551 2342 luntres,

799 2370 895 2445 utque
918 2361 1019 2446 pedes
1042 2361 1184 2445 proprios
1207 2367 1240 2426 et
1260 2363 1403 2427 membra
1426 2362 1549 2426 minora
1569 2361 1685 2426 fovete.

799 2485 861 2529 uon
884 2464 985 2529 minor
1007 2472 1056 2529 est
1077 2464 1228 2528 membris
1250 2484 1326 2529 cura
1347 2465 1553 2549 inpendenda
1574 2464 1714 2530 minutis.

673 2586 678 2600 ·
753 2585 761 2601 ’
799 2568 985 2650 obsequium
1009 2567 1146 2651 pedibus
1169 2575 1302 2632 naturae
1326 2569 1398 2651 lege
1421 2568 1567 2634 videmus

800 2671 946 2736 admotas
969 2671 1122 2755 praebere
1144 2691 1275 2749 manus,
1302 2671 1473 2753 oculosque
1495 2672 1656 2737 ministros

799 2774 957 2843 cernimus
980 2792 1051 2839 esse
1074 2772 1210 2857 pedum,
1236 2774 1352 2856 quibus
1374 2774 1525 2839 inferiora
1546 2782 1680 2839 tuemur.

799 2885 873 2942 ante
896 2877 996 2961 pedes
1019 2877 1147 2960 planato
1170 2876 1250 2941 vias.
1298 2897 1338 2941 ue
1360 2877 1491 2943 temnite
1514 2884 1634 2962 partem

798 2981 924 3063 magnis
946 2980 1060 3045 officiis
1083 2979 1279 3062 summisque
1301 2979 1463 3045 laboribus
1485 2987 1609 3064 aptam,

690 3102 702 3141 s
798 3103 862 3166 qua
884 3082 1008 3147 vehitur
1029 3089 1128 3147 totum
1153 3101 1275 3146 summo
1297 3102 1368 3148 cum
1391 3082 1509 3147 vertice
1533 3101 1657 3165 corpus.

798 3186 854 3266 qui
876 3184 1013 3269 pedibus
1035 3185 1130 3250 rectis
1152 3184 1313 3267 graditur,
1339 3186 1426 3250 mala
1448 3185 1538 3250 nulla
1560 3191 1702 3261 veretur,

798 3308 861 3353 non
881 3289 971 3353 timet
992 3287 1163 3352 offensam:
1191 3288 1294 3353 nescit
1315 3288 1369 3360 via
1391 3296 1478 3353 recta
1499 3287 1636 3353 ruinam.

798 3391 874 3473 quin
896 3397 929 3456 et
950 3408 1048 3454 causa
1070 3390 1115 3454 rei
1139 3390 1224 3455 cultu
1248 3398 1297 3456 est
1319 3391 1464 3456 ornanda
1485 3389 1610 3455 diumo.

798 3494 905 3558 nullus
927 3493 992 3558 vile
1015 3499 1123 3576 putet,
1150 3492 1235 3573 quod
1257 3493 1344 3557 novit
1366 3493 1505 3577 corporis
1527 3513 1610 3558 esse.

798 3596 839 3662 sit
861 3615 996 3661 censura
1017 3603 1159 3679 patrum,
1185 3595 1227 3659 sit
1250 3595 1420 3680 disciplina
1441 3616 1500 3680 per
1521 3597 1640 3662 orbem.

797 3699 962 3784 priventur
983 3699 1118 3780 caedes,
1143 3699 1330 3782 populorum
1354 3698 1459 3782 iurgia
1481 3707 1616 3766 cessent.

798 3802 906 3867 nullos
929 3800 1078 3866 laedendi
1101 3806 1210 3884 pateat
1231 3802 1336 3881 locus,
1364 3821 1440 3867 usus
1463 3801 1594 3883 iniquae

798 3910 903 3969 cesset
923 3903 1090 3969 avaritiae.
1139 3903 1292 3970 subiectis
1316 3904 1436 3988 parcite
1458 3905 1593 3986 nostris,

799 4007 882 4072 colla
904 4007 1111 4091 superborum
1135 4006 1336 4090 confringite.
1382 4008 1478 4091 culpa
1499 4016 1650 4074 nocentes

690 4135 703 4173 o
800 4109 911 4194 puniat
931 4109 1005 4193 ipsa
1026 4128 1116 4192 suos,
1144 4116 1309 4175 serventur
1330 4109 1401 4174 iura
1424 4110 1552 4192 quietis.

798 4213 860 4277 huc
881 4231 976 4277 aures
997 4219 1176 4295 totamque,
1203 4212 1280 4292 viri,
1306 4211 1465 4277 deflectite
1487 4218 1643 4293 mentem,

798 4335 944 4397 quaeque
968 4315 1025 4396 sit,
1052 4335 1091 4379 ex
1115 4314 1226 4392 dictis,
1252 4315 1351 4380 vestri
1373 4335 1467 4398 spes,
1494 4315 1608 4380 discite
1631 4315 1756 4380 nostris.

799 4417 959 4500 agricolae
983 4437 1041 4481 sua
1063 4438 1137 4482 rura
1160 4418 1283 4498 colunt,
1310 4418 1459 4500 cultuque
1482 4417 1595 4482 diurno

798 4521 961 4605 inplorant
982 4520 1120 4602 fructus,
1147 4528 1180 4586 et
1200 4528 1316 4586 terram
1340 4540 1466 4585 vomere
1488 4520 1629 4604 findunt,

799 4623 1017 4707 dividiturque
1041 4623 1131 4688 bonis
1153 4630 1265 4705 gratus
1287 4623 1378 4688 labor
1399 4623 1455 4688 ille
1477 4624 1607 4688 colonis.

772 4744 776 4755 ·
798 4747 874 4811 pars
897 4726 1013 4792 scindit
1034 4726 1164 4809 glebas,
1190 4745 1264 4810 pars
1288 4726 1385 4791 sulcis
1407 4725 1532 4791 semina
1554 4727 1703 4807 mandat,

798 4850 872 4915 pars
895 4829 1035 4912 liquidas
1058 4829 1188 4896 deducit
1208 4850 1310 4913 aquas
1332 4829 1502 4911 hortosque
1524 4830 1664 4896 virentes

416 4984 503 4991 ..ι-...-

483 5059 532 5108 203
550 5059 675 5107 laboribus
694 5056 729 5118 M,
749 5056 791 5104 red
808 5056 908 5104 boribus
927 5056 993 5105 21η.
1014 5060 1040 5104 ia
1057 5057 1133 5104 litura
1260 5055 1310 5105 lbi
1328 5057 1421 5105 subicit
1441 5060 1452 5104 l
1471 5071 1517 5117 m.,
1539 5057 1640 5117 subegit
1656 5058 1673 5105 2
1688 5072 1722 5106 m.
1744 5056 1773 5105 M
1902 5059 1952 5111 207
1970 5074 2031 5109 carr.

412 5144 587 5194 mittimusM
696 5141 746 5192 214
764 5145 852 5205 inpero
871 5140 900 5188 M
1009 5142 1058 5190 215
1077 5142 1276 5190 omniscium.
1298 5141 1333 5198 Μ,
1354 5143 1474 5190 inlitora
1586 5140 1637 5191 218
1655 5143 1785 5191 lobeth
1894 5145 1942 5196 221
1962 5161 2030 5195 amo·

413 5240 451 5280 tns
471 5236 481 5278 l
502 5247 547 5293 m.,
567 5237 685 5279 smmotas
703 5230 720 5276 2
736 5245 770 5279 m.
792 5228 820 5275 Μ
938 5242 1042 5289 preuere
1062 5226 1089 5274 Μ
1214 5225 1263 5276 222
1282 5229 1400 5276 inferiora
1418 5228 1514 5277 Bortbii
1530 5230 1624 5276 amicm
1642 5229 1681 5276 lx
1698 5230 1732 5277 12
1747 5244 1775 5291 p.
1789 5232 1848 5291 138,
1868 5233 1984 5281 interiore
2004 5231 2033 5280 M

414 5317 464 5366 224
482 5321 652 5374 emmim..
671 5312 872 5378 rptcumM
973 5312 1023 5362 226
1042 5312 1228 5362 nullrmalaM
1329 5313 1379 5362 228
1397 5316 1458 5376 quin
1478 5313 1692 5363 etBurthlu
1708 5318 1809 5378 putidi,
1828 5320 1873 5380 qui
1892 5332 1938 5367 nec
1956 5323 2027 5380 lm.¹

412 5418 462 5465 que
481 5418 527 5450 trec
545 5405 605 5452 Pm.
621 5402 650 5449 M
751 5399 801 5450 233
820 5401 939 5448 suaritles
959 5403 970 5446 1
985 5414 1029 5458 m.,
1050 5401 1154 5448 auaritia
1173 5400 1234 5449 dm.
1251 5398 1280 5446 M
1380 5402 1472 5448 ruostrls
1490 5405 1502 5447 1
1517 5416 1563 5460 m.,
1582 5399 1624 5449 ard
1642 5403 1734 5451 litterae
1751 5405 1841 5452 n3m.
1862 5405 1904 5453 uel
1916 5419 1932 5452 u
1945 5419 2030 5466 ruper-

411 5493 588 5551 scriptumest,
608 5494 636 5536 at
655 5488 744 5536 uostris
761 5491 916 5535 correctorem
933 5486 1050 5534 moluisse
1067 5490 1149 5546 potent
1270 5484 1319 5535 237
1338 5488 1373 5535 sit
1389 5490 1402 5535 1
1422 5502 1468 5548 m.,
1488 5489 1541 5536 rint
1559 5489 1574 5534 2
1591 5503 1625 5538 m.
1646 5487 1675 5536 M
1776 5491 1868 5539 uestris
1887 5495 1899 5538 1
1919 5506 1964 5551 m.,
1984 5505 2031 5538 ue·

412 5577 456 5624 stri
476 5578 536 5623 z’ru.
553 5573 581 5621 M
682 5573 759 5623 dicits
777 5578 788 5620 1
803 5589 848 5635 m.,
869 5575 960 5621 ‹lisclte
975 5573 1035 5621 um.
1050 5572 1078 5619 Μ
1180 5572 1230 5623 238
1248 5574 1358 5634 agricole
1373 5578 1383 5621 l
1397 5589 1442 5632 m.,
1462 5574 1564 5635 agricole
1576 5575 1593 5621 2
1603 5589 1637 5624 m.
1654 5573 1683 5622 M
1784 5575 1833 5626 232
1852 5577 1943 5626 ductus
1956 5580 1967 5624 l
1982 5593 2029 5641 m.,

411 5663 510 5709 tructus
522 5664 538 5708 2
549 5676 583 5711 m.
599 5659 626 5707 M
710 5666 776 5708 terra
793 5664 803 5707 l
818 5675 842 5707 m
858 5699 863 5720 ,
884 5660 1048 5708 serranum.
1065 5658 1092 5706 M
1194 5659 1244 5709 tto
1262 5660 1408 5720 diuiturque
1424 5664 1435 5707 1
1449 5676 1494 5720 m.,
1515 5660 1689 5722 diuiditurque
1702 5663 1762 5711 Pro.
1779 5662 1807 5709 M
1909 5662 1955 5712 tlt
1977 5664 2031 5722 gle-

413 5761 458 5795 uas
478 5753 488 5795 l
509 5762 554 5801 m..
575 5747 659 5805 glebas
676 5747 693 5794 2
709 5760 743 5793 m.
766 5745 793 5792 M
895 5743 1017 5807 parsulcis
1036 5743 1065 5792 M
