4440 6276
1032 420 1180 475 CORlPPl

685 607 760 673 dum
784 617 888 674 movet
908 609 943 674 in
967 609 1092 690 dubiis,
1117 629 1201 691 quae
1224 609 1265 672 sit
1287 607 1413 672 fortima
1435 609 1559 674 salutis.

684 711 824 776 maxima
846 711 965 777 damna
987 712 1093 778 ferens
1114 730 1219 777 rerum
1242 711 1374 776 victorie
1396 732 1458 775 nen
1480 719 1540 777 est.

683 821 749 893 ant,
775 834 816 879 ea
837 815 865 879 si
887 823 1036 899 pereant,
1063 835 1119 900 pro
1143 814 1214 898 quis
1236 814 1278 879 ed
1301 813 1423 898 proelia
1445 814 1536 893 veni,

683 917 760 999 qnid
784 918 904 982 lucrum
927 917 1057 984 vintoris
1080 917 1140 983 erit
1152 924 1165 980 :³
1207 936 1258 981 me
1281 937 1418 1000 nemque
1440 915 1578 999 fatigent

683 1020 790 1085 omnic
811 1020 907 1085 mista
929 1020 1035 1085 melis.
1082 1019 1157 1085 hinc
1179 1019 1330 1085 damnum
1353 1019 1443 1085 triste
1465 1019 1642 1101 minantur,

683 1122 757 1187 hinc
779 1123 909 1189 leudem
931 1122 1060 1189 differre
1082 1124 1209 1189 volunt:
1236 1130 1406 1207 partesque
1428 1122 1608 1207 tn'umplms

683 1225 724 1291 de
747 1226 863 1291 nostris
886 1226 1035 1292 menibus
1056 1226 1155 1291 misse
1177 1226 1297 1310 pietate
1319 1226 1479 1291 retellunt.

684 1329 803 1412 captivi
825 1336 958 1414 {veneunt
981 1327 1067 1394 misti
1090 1349 1160 1394 cum
1183 1328 1332 1411 gentibus
1354 1327 1441 1410 Afri,

684 1432 711 1496 si
733 1451 878 1516 pugnare
901 1432 1017 1516 placet.
1064 1451 1147 1515 quae
1169 1431 1269 1496 nostri
1290 1430 1394 1513 glorie
1416 1429 1511 1511 facti,

682 1535 711 1599 si
732 1534 865 1601 miseros
888 1534 1025 1600 demus?
1068 1535 1176 1600 nullus
1197 1535 1263 1600 iam
1286 1533 1424 1599 vincitur
1444 1533 1555 1599 hostis.

683 1638 830 1720 consule,
856 1637 935 1721 quid
957 1645 1084 1704 movent
1106 1637 1177 1703 duri
1198 1637 1232 1702 in
1255 1636 1437 1702 discm'mine
1460 1636 1556 1718 belli,

574 1784 579 1797 -
682 1747 778 1823 atque
800 1739 942 1824 gerenda
964 1741 1074 1806 ret'er'.
1120 1740 1248 1824 placide
1271 1739 1351 1805 haec
1373 1738 1561 1805 Recinerius
1583 1741 1677 1806 heros

682 1842 783 1909 edidit
804 1851 836 1909 et
858 1843 983 1909 modice
1005 1844 1104 1929 piane
1125 1863 1196 1909 cum
1220 1863 1298 1908 voce
1321 1843 1457 1908 locutus.

684 1947 810 2012 ‘emnia
831 1946 1024 2032 dispensans
1047 1947 1140 2013 miste
1161 1945 1378 2013 moderamine
1401 1946 1500 2011 virtus

681 2051 761 2115 haec
784 2070 909 2116 summa
931 2057 997 2132 est,
1023 2050 1105 2116 haec
1127 2050 1196 2115 sola
1218 2051 1340 2134 placet,
1371 2049 1451 2114 haec
1473 2048 1600 2114 vincere
1623 2056 1737 2133 gentes

681 2172 720 2218 ec
741 2153 870 2237 placere
893 2159 1007 2238 potest.
1056 2158 1199 2237 praestat
1219 2151 1322 2234 quod,
1348 2151 1488 2217 maxime
1511 2151 1634 2233 ductor,

682 2255 828 2321 viltntem
851 2254 1039 2320 indomitam
1063 2261 1174 2320 sancte
1195 2255 1314 2339 pietate
1336 2251 1486 2319 revincis.

648 2346 652 2351 ’
682 2356 837 2443 quidquid
861 2357 979 2424 deinde
1001 2377 1114 2442 geres,
1140 2364 1269 2423 nostrae
1292 2365 1342 2423 est
1363 2356 1496 2423 victorie
1517 2356 1629 2441 partis.

683 2461 731 2526 sic
752 2461 845 2542 crdo,
871 2461 918 2526 sic
939 2468 1053 2526 cuncta
1075 2460 1201 2526 docent.
1248 2458 1342 2524 mode
1365 2460 1489 2525 mittere
1511 2459 1590 2525 dnm

682 2565 808 2648 legatos
830 2584 910 2648 opus
933 2571 983 2629 est
1005 2563 1162 2649 promisse
1184 2582 1263 2648 pace
1286 2570 1431 2646 tyranno.

683 2665 826 2752 captivos
848 2672 1008 2733 revocent.
1055 2666 1172 2731 nostris
1194 2665 1340 2731 discedat
1361 2666 1403 2732 eb
1426 2665 1489 2730 eris

539 2793 544 2826 :
574 2792 586 2827 τ)
681 2770 740 2836 ille
762 2769 873 2836 furens
891 2770 1011 2835 Anstnr
1033 2788 1150 2835 scevae
1173 2788 1231 2834 seu
1253 2768 1359 2853 gentis
1381 2769 1525 2851 Ilaguas.

682 2872 834 2959 principis
856 2873 928 2957 ipse
949 2871 1062 2956 iugum
1085 2871 1178 2938 solite
1201 2872 1334 2937 sufferre
1357 2878 1486 2937 coactus

682 2975 827 3042 subiecta
849 2975 974 3042 cervice
997 2977 1103 3041 vehet.
1152 2975 1180 3040 si
1203 2974 1334 3040 cesserit
1355 2972 1429 3055 ille,

682 3078 789 3145 omnic
811 3080 903 3144 salva
925 3077 1012 3144 fient.
1059 3077 1208 3162 ignosces
1230 3076 1380 3161 gentibus
1403 3077 1529 3159 insons,

682 3187 715 3247 et
736 3181 864 3266 placide
887 3180 1017 3246 debitur
1037 3181 1155 3246 nestris
1177 3179 1310 3245 victorie
1332 3180 1439 3245 rebus.

681 3291 716 3350 at
737 3284 765 3348 si
789 3284 856 3351 fors
878 3283 1021 3350 tumidus
1043 3283 1166 3350 steterit
1187 3283 1311 3348 cervice
1333 3282 1481 3364 rebellis,

682 3397 757 3454 tnnc
779 3387 877 3453 armis
899 3387 1101 3472 superandus
1122 3386 1192 3451 erit.
1239 3406 1299 3451 nec
1321 3386 1464 3470 paenitet
1486 3406 1625 3470 unquam

681 3511 738 3576 pro
760 3490 902 3571 miseris,
930 3489 957 3555 si
979 3496 1080 3555 morte
1102 3489 1230 3555 cadant.
1278 3497 1412 3573 peccata
1433 3488 1592 3556 Iohannes

681 3594 772 3659 nulle
793 3592 885 3659 feret.
932 3592 1036 3676 pietas
1059 3591 1174 3656 animis
1196 3591 1313 3656 illaesa
1334 3591 1475 3657 manebit

681 3702 794 3781 coepta
815 3695 907 3762 tuis'.
954 3695 1105 3779 placuere
1128 3694 1202 3759 duci
1223 3694 1369 3760 consulte
1390 3694 1496 3760 fidelis

538 3823 542 3833 ·
573 3844 577 3857 .
679 3797 764 3864 iusta
785 3797 856 3863 viri.
904 3797 1052 3880 curisque
1074 3796 1166 3881 pater
1187 3797 1345 3862 resolutus
1366 3797 1408 3860 ab
1430 3797 1496 3862 illis

679 3921 742 3966 non
764 3909 868 3967 vacat.
916 3902 1042 3967 alterna
1063 3899 1253 3983 franguntur
1275 3906 1403 3984 pectere
1424 3921 1511 3965 cure.

766 4003 933 4070 consilium
956 4012 1113 4068 maturum
1130 3988 1213 4084 elit,
1241 4010 1273 4068 et
1293 4002 1446 4068 mandata
1469 4005 1606 4088 superbe

678 4116 754 4173 tunc
775 4108 864 4173 iubet
885 4106 1079 4190 armigerum
1103 4106 1239 4172 celerem
1262 4105 1404 4190 perferre
1426 4113 1577 4189 tyranne,

678 4210 798 4276 talibus
819 4217 916 4293 etque
938 4209 1041 4274 docet.
1093 4208 1218 4294 ‘perfer
1239 4229 1313 4274 mee
1334 4208 1421 4274 dicta
1446 4208 1572 4275 rebelli.

680 4315 730 4380 his
753 4313 879 4378 monitis
901 4312 1018 4378 nestris
1039 4331 1134 4377 eures
1157 4312 1316 4377 contunde
1340 4313 1504 4396 superbas.

680 4417 755 4481 dum
778 4422 892 4500 gentes
915 4421 1067 4500 peccent,
1092 4415 1198 4499 pietas
1220 4417 1364 4480 Romana
1386 4414 1535 4495 remittit,

679 4525 855 4601 cunctaque
878 4516 994 4583 deletis
1016 4518 1114 4583 donet
1136 4517 1256 4583 delicta
1278 4517 1409 4584 libellis.

679 4621 813 4707 perdere
835 4640 898 4686 non
921 4628 1070 4705 properat
1091 4641 1313 4704 quamcunque
1336 4621 1368 4685 in
1391 4621 1514 4705 proelia
1535 4629 1680 4704 gentem,

679 4725 865 4810 paenitecnt
886 4723 913 4789 si
936 4725 1024 4790 bella
1046 4731 1169 4803 tamen,
1196 4725 1225 4788 si
1246 4723 1379 4790 foedera
1401 4744 1505 4790 rerum

537 4853 540 4862 ·
572 4874 576 4887 .
680 4828 816 4894 subiecti
838 4828 1030 4909 veniamque
1053 4827 1113 4892 sibi
1136 4847 1311 4912 pacemque
1334 4828 1506 4910 requirant.

680 4930 740 4997 sed
761 4930 911 5015 princeps
934 4930 1108 4996 elementer
1130 4949 1231 5013 egens
1254 4929 1300 4995 sic
1323 4930 1430 4995 emnia
1451 4931 1574 4996 mavult

365 5105 402 5112 -·—
422 5107 499 5113 ——-—
509 5106 704 5113 —..—.--—

359 5206 410 5255 328
429 5208 470 5255 hic
490 5207 510 5254 Τ
612 5207 662 5257 329
680 5208 777 5256 deferre
796 5206 874 5255 Mam.
981 5205 1031 5255 333
1050 5207 1138 5256 demus
1158 5206 1236 5257 anz.
1343 5207 1393 5255 335
1415 5208 1512 5267 placido
1530 5209 1678 5257 ericinsrius
1699 5208 1719 5255 Τ
1821 5209 1872 5257 336
1888 5218 1919 5259 ct

290 5295 385 5341 modice
404 5292 547 5353 iiiornnmm,
573 5295 717 5343 inmodice
739 5293 767 5354 Τ,
790 5295 818 5341 in
837 5292 919 5341 medio
937 5291 1015 5342 Mace.
1122 5293 1224 5342 lucutus
1247 5293 1267 5339 Τ
1369 5293 1418 5341 337
1438 5293 1569 5354 dispenset
1593 5295 1612 5340 V
1714 5294 1764 5341 339
1781 5309 1810 5342 ιο
1827 5295 1916 5348 Bekis..

291 5393 369 5441 ecque
392 5380 419 5439 Τ,
438 5385 514 5441 etque
536 5380 557 5426 V
677 5380 773 5442 placere
795 5380 816 5425 V
934 5377 982 5428 341
1004 5384 1087 5427 nostre
1107 5379 1127 5425 Τ
1248 5380 1298 5427 341
1317 5387 1434 5428 reuocent
1451 5383 1545 5440 scripsi,
1565 5387 1665 5429 reuocet
1687 5381 1715 5440 Τ,
1735 5380 1823 5430 reddet
1839 5381 1916 5431 mee.

291 5464 340 5514 345
359 5479 448 5513 saeuae
461 5467 602 5527 nongentis
616 5466 702 5522 Mass..
719 5478 779 5514 seue
791 5478 835 5513 scu
848 5467 932 5525 gentis
947 5465 976 5525 Τ,
991 5478 1066 5514 saeuo
1077 5468 1184 5513 sociatus
1197 5467 1283 5513 inctim
1352 5466 1465 5525 hilsguss
1483 5467 1503 5513 Τ
1602 5465 1653 5514 316
1670 5468 1788 5528 princeps
1800 5465 1879 5518 Meu.

288 5551 378 5600 solitae
397 5549 474 5600 dines.
597 5551 647 5600 356
665 5550 764 5599 tumide
785 5549 862 5599 Mace.
985 5550 1032 5599 351
1054 5553 1169 5614 penitect
1191 5551 1212 5598 Τ
1339 5551 1389 5599 354
1408 5558 1473 5600 cette
1494 5552 1515 5599 Τ
1645 5550 1693 5599 357
1713 5557 1739 5600 et
1756 5551 1814 5602 cdd.
1836 5551 1916 5601 Hem.

290 5636 340 5686 366
357 5638 400 5685 hic
419 5637 530 5684 monitus
551 5636 571 5682 Τ
675 5633 721 5685 361
743 5635 803 5684 dum
823 5635 854 5696 Τ,
873 5649 930 5685 cum
949 5636 1064 5685 dubitem
1077 5637 1151 5686 dec.
1259 5636 1308 5687 363
1327 5652 1476 5701 quecunque
1498 5639 1519 5685 Τ
1621 5636 1670 5687 364
1688 5639 1817 5701 poeniteat
1836 5636 1915 5689 Μαι.

289 5721 340 5772 366
359 5724 395 5770 sic
415 5719 446 5781 Τ,
465 5720 525 5770 hsec
543 5722 600 5783 cpe
619 5720 697 5771 Matr..
