4440 6276
932 417 1158 473 rnoonrnvn.
1713 417 1857 486 xxxlx

236 638 343 722 capita
364 639 421 703 illa
444 638 645 705 emendanda
667 639 878 724 pertinerent,
912 661 1034 707 mecum
1058 641 1319 716 communicaret,
1352 640 1463 724 petivi.
1509 640 1570 717 Qui
1596 646 1685 706 tanta
1713 641 1857 705 liberali-

238 765 304 822 tate
327 757 405 822 mihi
428 779 547 824 morem
570 761 688 842 gessit,
722 767 756 824 ut
781 781 844 825 non
866 754 959 826 modo
982 761 1100 826 menda
1121 760 1278 842 quaedam
1302 761 1436 844 parvula
1458 758 1606 824 editionis
1629 760 1856 825 Diodorfianae

235 885 370 959 notaret,
396 878 455 943 ned
476 878 588 943 horum
610 880 749 964 capitum
773 881 913 946 omnium
935 881 1080 947 lectionis
1102 879 1290 945 varietatem
1313 880 1431 944 notulis
1454 878 1570 944 criticis
1586 878 1750 956 indicaret,
1776 898 1857 960 quae

176 1047 179 1050 ⁴
237 997 379 1080 Procopii
400 999 501 1063 textui
523 997 643 1063 addere
665 998 741 1063 mihi
765 987 863 1065 licuit.
1446 1000 1447 1004 ’

233 1117 335 1182 Dind.
361 1116 432 1201 lp.
459 1121 519 1181 493
564 1119 654 1183 Proc.
681 1119 774 1183 deb.
801 1118 906 1183 Vand.
931 1118 962 1181 II
989 1122 1026 1181 19
1065 1118 1217 1205 Γερμανδν
1246 1121 1279 1185 δὲ
1309 1117 1357 1190 ξύν
1387 1144 1418 1183 τε
1449 1114 1606 1205 Συμμάχιρ
1638 1117 1687 1183 καί
1718 1119 1856 1205 Λομνίκιρ

391 1235 657 1323 μεταπεμψάμενος
686 1235 824 1324 βασιλεύς
848 1238 1005 1322 Σολομώνι
1036 1231 1122 1311 αὖθις
1153 1233 1270 1304 ἅπαντα
1294 1235 1407 1326 Λιβύης
1437 1235 1472 1303 τά
1494 1235 1655 1324 πράγματα
1678 1241 1852 1325 ἐνεχείρισε,

388 1358 631 1442 τρισκαιδέκατον
653 1357 718 1430 ἔτος
741 1354 792 1442 τήν
817 1354 1021 1444 αὐτοκράτορα
1044 1358 1122 1445 ἔχων
1147 1355 1263 1445 ἀρχήν·
1288 1355 1455 1446 στράτευμά
1479 1383 1510 1422 τε
1533 1356 1615 1444 αὐτῷ
1628 1356 1856 1445 παρασχόμενος

389 1475 440 1540 καί
469 1470 616 1563 ἄρχοντας
647 1471 755 1550 ἄλλους
785 1502 816 1542 τε
843 1474 893 1541 καί
917 1475 1080 1565 Ῥουφῖνον
1111 1479 1162 1543 καί
1186 1475 1323 1543 Λεόντιον
1353 1479 1420 1551 τούς
1451 1478 1552 1542 Ζάννα
1582 1484 1633 1542 τοὺ
1656 1475 1857 1564 Φαρεσμάνου

390 1595 441 1660 καί
466 1593 607 1682 Ἰωάννην
637 1594 685 1662 τόν
715 1597 901 1662 Σισιννιόλου
933 1594 1006 1662 υἱόν.
1054 1599 1214 1683 capitibus
1243 1600 1273 1663 ΙΙ
1300 1603 1348 1664 19.
1376 1603 1416 1662 20
1447 1598 1626 1663 Solomonis
1655 1598 1688 1662 in
1717 1608 1856 1664 montem

235 1699 352 1798 ps501
389 1716 560 1781 Aurasium
583 1717 745 1800 expeditio
768 1726 950 1796 enarratur,
984 1738 1047 1799 qua
1075 1719 1212 1783 feliciter
1241 1692 1386 1784 confecta
1416 1715 1519 1804 Ζάβην
1549 1743 1581 1783 τε
1602 1715 1655 1803 τήν
1678 1715 1801 1804 χώραν,
1836 1713 1854 1803 ἣ

391 1833 463 1921 ύπέρ
491 1828 560 1922 όρος
590 1834 622 1900 τδ
646 1833 797 1922 Λύράσιόν
828 1840 890 1902 ἐστι
914 1836 1104 1922 Λίαυριτανία
1132 1863 1163 1902 τε
1191 1834 1210 1922 ή
1240 1836 1343 1924 πρώτη
1373 1840 1510 1902 καλεῖται
1539 1835 1718 1923 μητρόπολιν
1742 1838 1856 1924 Σίτιφιν

388 1955 520 2041 ἔχουσα,
552 1961 588 2042 τη]
613 1952 779 2040 Ῥωμαίων
809 1953 888 2043 ἀρχή
917 1959 946 2029 ἐς
970 1953 1064 2042 φόρου
1088 1953 1250 2042 ἀπαγωγήν
1272 1954 1520 2043 προσεποιήσατο.
1545 1956 1661 2023 -καί
1684 1953 1738 2022 ἀπ’
1765 1954 1856 2023 αύτοδ

388 2077 494 2162 Λίβυες
518 2069 659 2157 άπαντες,
694 2075 723 2139 οἳ
745 2073 913 2160 Ῥωμαίων
942 2073 1085 2160 κατήκοοι
1114 2069 1208 2162 ήσαν,
1240 2075 1360 2164 εἰρήνης
1390 2075 1543 2164 ἀσφαλοῦς
1569 2075 1707 2164 τυχόντες
1730 2077 1780 2142 καί
1803 2084 1855 2162 τῆς

388 2196 564 2279 Σολομῶνος
587 2192 685 2282 ἀρχῆς
709 2192 861 2282 σώφρονός
884 2221 915 2261 τε
938 2194 989 2260 καί
1013 2198 1080 2261 λίαν
1104 2198 1242 2282 μετρίας,
1269 2197 1300 2271 ἔς
1322 2224 1353 2263 τε
1376 2196 1409 2262 τδ
1432 2197 1534 2263 λοιπδν
1557 2201 1699 2281 πολέμιον
1719 2196 1806 2263 οὐδὲν
1823 2201 1854 2261 ἐν

387 2319 430 2402 νῷ
452 2315 582 2401 ἔχοντες,
609 2317 713 2386 ἔδοξαν
737 2313 996 2400 εὐδαιμονέστατοι
1019 2315 1097 2381 εἶναι
1121 2314 1284 2402 ἀνθρώπων
1308 2314 1455 2383 ἁπάντων.

475 2440 525 2500 21.
552 2432 682 2522 τετάρτῳ
706 2436 739 2500 δὲ
761 2430 882 2522 ύστερον
905 2438 1033 2523 ἐνιαυτῷ
1057 2429 1174 2502 άπαντα
1198 2439 1296 2523 σφίσιν
1327 2434 1429 2524 ἀραίλά
1458 2441 1488 2511 ἐς
1517 2435 1685 2503 τούναντίον
1715 2439 1856 2522 γενέσθαι

388 2558 553 2626 ξυνέπεσεν.
601 2557 664 2629 ἔτος
687 2553 745 2642 γὰρ
768 2553 896 2643 ἕβδομόν
919 2583 950 2622 τε
973 2555 1023 2620 καί
1046 2558 1168 2622 δέκατον
1189 2553 1404 2623 ’Ῑουστινιοινοδ
1420 2560 1566 2644 βασιλέως
1582 2556 1634 2643 τήν
1651 2555 1855 2645 αὐτοκράτορα

234 2696 264 2759 p.
291 2679 353 2739 502
388 2672 485 2762 ἀρχήν
515 2675 654 2763 ἔχοντος,
687 2673 785 2763 Κῦρός
816 2701 847 2741 τε
873 2675 925 2741 καί
947 2677 1070 2763 Σέργιος
1100 2680 1129 2741 οί
1159 2674 1284 2765 Βόκχου
1314 2684 1365 2744 τοδ
1388 2679 1561 2762 Σολομῶνος
1591 2674 1724 2764 ἀδελφοῦ
1752 2681 1856 2750 παῖδες

386 2791 502 2860 πόλεων
531 2802 589 2861 τῶν
618 2798 648 2860 ἐν
672 2793 767 2883 Λιβύη
796 2794 867 2883 πρὸς
897 2798 1043 2882 βασιλέως
1075 2791 1179 2884 όιρχειν
1202 2798 1329 2885 ἔλαχον,
1366 2798 1578 2871 Πενταπόλεως
1602 2798 1655 2882 μὲν
1678 2794 1693 2862 δ
1718 2792 1816 2882 Κῦρος
1840 2794 1855 2862 δ

386 2914 595 3002 πρεσβύτερος,
622 2914 792 3002 Τριπόλεως
815 2918 848 2982 δέ
871 2919 1005 3004 Σέρριος.
1047 2914 1236 3003 Λίαυρούσιοι
1251 2919 1283 2982 δέ
1299 2922 1327 2983 οί
1343 2915 1512 3000 Λευάίλαιί)
1539 2914 1719 3002 καλούμενοι
1740 2921 1856 3004 στρατῷ

388 3033 509 3122 μεγάλῳ
533 3041 563 3110 ἐς
586 3038 793 3122 Λεπτίμαχναν
823 3036 907 3103 πόλιν
930 3035 1001 3124 παρ’
1029 3035 1116 3103 αύτδν
1139 3039 1238 3103 ἵκοντο
1262 3040 1487 3123 ἐπιίλρυλοδντες
1511 3032 1556 3103 ότι
1579 3035 1615 3123 δή
1639 3036 1744 3102 τούτου
1768 3041 1855 3103 ἕνεκα

335 3165 337 3169 ’
385 3153 503 3242 ήκοιεν,
537 3152 616 3230 όπως
645 3154 660 3222 δ
685 3158 807 3244 Σέργιος
840 3162 923 3244 δῶρα
952 3158 1004 3222 καί
1035 3155 1164 3244 ξύμβολα
1195 3161 1279 3244 σφίσι
1301 3155 1336 3222 τὰ
1360 3154 1541 3242 νομιζόμενα
1564 3155 1632 3230 δούς
1655 3155 1708 3243 τήν
1732 3156 1853 3243 εἰρήνην

385 3274 577 3362 νρατόνηται.
617 3277 762 3342 barbaris
785 3279 946 3344 nobilibus
969 3279 1139 3360 octoginta,
1165 3280 1219 3361 qui
1241 3279 1305 3342 tide
1323 3285 1455 3363 accepta
1469 3279 1502 3341 in
1519 3278 1629 3342 urbem
1645 3278 1851 3361 intraverant,

385 3397 559 3462 interfectis
586 3398 767 3462 Maurorum
798 3399 956 3464 exercitus
986 3399 1094 3463 urbem
1125 3398 1204 3483 petit
1235 3406 1267 3462 et
1289 3407 1363 3465 ante
1386 3406 1494 3483 portas
1517 3418 1589 3462 cum
1612 3399 1763 3463 Romanis
1785 3401 1855 3466 acie

383 3516 534 3599 confligit.

231 3658 262 3720 p.
291 3640 352 3700 503
471 3632 571 3722 χρόνῳ
595 3636 628 3700 δὲ
651 3627 771 3722 ύστερον
788 3639 816 3700 οί
833 3636 885 3720 μὲν
903 3633 1052 3723 βάρβαροι
1068 3639 1181 3721 μείζονι
1196 3642 1370 3725 παρασκευή
1389 3635 1435 3704 ἐπί
1452 3635 1627 3722 Ῥωμαίους
1643 3635 1850 3722 ἐστράτευσαν.

386 3757 508 3841 Σέργιος
532 3755 564 3819 δὲ
587 3753 668 3842 παρὰ
691 3757 857 3840 Σολομῶνα
880 3753 929 3821 τδν
954 3760 1034 3821 θεῖον
1058 3753 1187 3842 ἐστάλη,
1218 3754 1269 3844 ἐφ’
1297 3753 1322 3844 ᾦ
1344 3759 1394 3822 καὶ
1421 3755 1508 3831 αύτδς
1532 3759 1645 3842 μείζονι
1667 3764 1783 3844 στρατῷ
1806 3757 1854 3823 ἐπὶ

385 3874 450 3948 τούς
481 3876 640 3959 πολεμίους
671 3873 730 3941 ἴοι·
767 3870 801 3942 ού
827 3873 863 3962 δή
887 3877 938 3942 καί
961 3875 1062 3963 Κῦρον
1086 3873 1134 3941 τὸν
1158 3873 1288 3964 ἀδελφὸν
1312 3872 1410 3963 εὗρεν.
1458 3877 1486 3941 οἳ
1509 3902 1540 3942 τε
1566 3873 1714 3970 βάρβαροι
1736 3881 1766 3950 ἐς
1791 3876 1853 3941 Βυ-

384 3993 485 4068 (dorcon
509 3992 686 4083 ἀφικόμενοι
708 4000 833 4062 πλεῖστα
857 4001 886 4069 ἐξ
911 4001 1073 4084 ἐπιδρομῆς
1096 3998 1254 4082 ἐληίσαντο
1276 4003 1334 4061 τῶν
1358 3999 1457 4084 ἐκείνη
1481 3998 1620 4084 χωρίων·
1655 3993 1796 4075 ’Λντάλας
1820 3997 1853 4062 δὲ

230 4139 260 4202 p.
289 4121 350 4182 504
390 4111 489 4202 (ούπερ
513 4120 544 4181 ἐν
567 4120 628 4188 τοῖς
651 4117 818 4203 ἔμπροσθεν
846 4113 946 4202 λόχοις
975 4113 1147 4202 ἐμνήσθην,
1180 4112 1232 4182 άτε
1254 4114 1423 4202 Ῥωμαίοις
1452 4123 1556 4182 πιστοῦ
1586 4112 1848 4202 διαμεμενηκότος,

384 4237 434 4300 καί
458 4233 498 4300 δι’
528 4232 599 4301 αύτδ
624 4234 714 4319 μόνου
737 4241 767 4302 ἐν
792 4235 933 4324 Βυζακίῳ
957 4237 1156 4324 Μαυρουσίων
1179 4231 1333 4324 ἄρχοντος).
1367 4230 1426 4323 ήδη
1455 4237 1609 4321 Σολομκδνι
1638 4238 1851 4321 ἐκπεπολεμω-

385 4359 470 4440 μένος
493 4352 664 4443 ἐτύγχανεν,
691 4351 736 4422 ότι
758 4382 790 4421 τε
812 4355 864 4429 τὰς
889 4355 1028 4442 σιτήσεις,
1056 4357 1102 4432 αίς
1127 4355 1215 4423 αὐτὸν
1238 4354 1377 4445 βασιλεὺς
1396 4354 1574 4441 ἐτετιμήκει,
1602 4357 1744 4440 Σολομῶν
1761 4353 1849 4443 ἀμεί-

383 4482 449 4541 λετο
478 4477 529 4540 καί
558 4474 605 4540 τδν
636 4473 764 4563 ἀδελφόν
794 4474 843 4541 τδν
868 4474 959 4543 αύτοδ
981 4479 1106 4555 ἔκτεινε,
1138 4475 1274 4565 ταραχήν
1298 4474 1388 4543 αύτοδ
1411 4503 1477 4541 τινα
1500 4481 1529 4550 ἐς
1554 4475 1745 4562 Βυζακηνοδς
1767 4503 1849 4562 γινο-

384 4599 474 4681 μένην
497 4592 682 4681 ἐπενεγκών
711 4594 776 4661 τότε
799 4600 900 4681 post)
926 4595 1047 4672 τούτους
1065 4596 1206 4672 ’Λντάλας
1228 4596 1295 4671 τοὺς
1318 4596 1489 4684 βαρβάρους
1513 4590 1640 4682 άσμενός
1662 4621 1694 4660 τε
1716 4595 1778 4661 εἶδε
1800 4598 1851 4662 καί

383 4714 548 4804 ὁμαιχμίαν
570 4713 771 4802 ποιησάμενος
793 4717 841 4782 ἐπί
865 4715 1030 4803 Σολομῶνά
1052 4744 1083 4783 τε
1106 4719 1157 4783 καί
1180 4716 1368 4806 Καρχηδόνα
1391 4718 1489 4804 σφίσιν
1512 4713 1657 4802 ἡγήσατο.
1706 4717 1849 4801 Σολομῶν

383 4839 425 4916 δέ,
452 4837 516 4901 ἐπεί
538 4840 632 4901 ταῦτα
654 4829 775 4921 ήκουσε,
801 4838 888 4903 παντί
911 4844 952 4924 τῷ
976 4844 1092 4925 στρατῷ
1115 4832 1190 4924 ἄρας
1213 4835 1262 4902 ἐπ’
1290 4835 1397 4910 αὐτούς
1419 4832 1479 4924 ήει,
1505 4837 1556 4902 καί
1574 4835 1756 4924 καταλαβών
1773 4834 1850 4924 ἀμφὶ

381 4954 466 5023 πόλιν
491 4956 659 5043 Τεβέστην,
685 4958 714 5028 ἓξ
736 4954 855 5043 ήμερών
878 4955 940 5044 όδῷ
963 4955 1162 5045 Καρχηδόνος
1186 4961 1362 5045 διέχουσαν,
1395 4952 1684 5044 ἐστρατοπεδεύσατο
1708 4954 1795 5030 αύτός
1818 4982 1849 5022 τε

380 5079 431 5143 καί
455 5079 483 5142 οἱ
506 5073 631 5164 Βόκχου
654 5081 704 5141 τοδ
729 5074 861 5164 ἀδελφοῦ
883 5080 998 5160 παῖδες,
1025 5076 1124 5165 Κῦρός
1146 5104 1177 5144 τε
1200 5079 1251 5143 καί
1267 5078 1390 5164 Σέργιος
1412 5077 1464 5142 καί
1487 5078 1628 5160 Σολομῶν
1651 5073 1667 5142 ο
1689 5077 1844 5150 νεώτατος.

381 5200 482 5271 δείσας
510 5223 540 5262 τε
571 5195 603 5261 τδ
632 5200 690 5263 τῶν
721 5194 881 5284 βαρβάρων
911 5200 1026 5282 πλήίλος
1055 5198 1169 5286 ἔπεμψε
1198 5197 1279 5284 παρὰ
1309 5202 1364 5262 τῶν
1387 5198 1563 5279 Λεοαίλιδν3)
1597 5194 1665 5269 τούς
1688 5190 1844 5283 ίίρχοντας,

381 5315 568 5405 μεμφόμενος
593 5317 645 5402 μὲν
667 5311 713 5381 ότι
737 5316 770 5380 δι’
796 5318 950 5383 ἔνσπονδοι
973 5316 1138 5402 Ῥωμαίων
1167 5311 1248 5391 όντες
1271 5317 1335 5383 εἶτα
1357 5320 1388 5381 ἐν
1410 5309 1514 5389 ’όπλοις
1537 5313 1691 5401 γενόμενοι
1713 5313 1762 5381 ἐπ’
1790 5314 1845 5383 αύ-

314 5613 334 5667 l]
356 5609 479 5663 λευκάίλαι
496 5611 565 5660 codd.
585 5613 702 5674 plerique,
727 5609 837 5679 λιβοίβαι
855 5627 920 5661 unus
938 5628 950 5659 c
967 5613 1133 5661 deteriortboc.
1250 5611 1273 5673 2)
1295 5613 1329 5662 ol.
1350 5607 1403 5662 οὖν.
1511 5611 1533 5670 3,·
1555 5605 1681 5670 recator,
1702 5609 1843 5679 λεβοίνβων,

225 5696 359 5763 λεμάνίλων
379 5699 448 5748 codd.
