4440 6276
331 440 413 506 vill
1033 434 1263 490 raoonrrrvu.

339 663 479 741 Quorum
503 663 620 728 ducum
643 662 779 726 alterum
795 658 985 724 Hadrumeti
1008 659 1170 724 resedisse
1193 677 1255 722 non
1278 666 1328 723 est
1350 658 1437 740 qnod
1459 677 1626 741 negemus,
1653 658 1786 724 alterius
1809 658 1918 724 sedem
1937 661 1972 723 in

338 782 451 848 limitis
473 781 577 865 ipsius
606 781 686 846 urbe
709 779 850 863 quadam
885 778 1026 860 munita,
1058 778 1168 844 forsan
1196 779 1229 843 in
1260 797 1326 842 una
1355 797 1373 842 e
1403 783 1552 860 quattuor
1579 778 1662 860 illis,
1696 798 1777 861 quas
1800 779 1974 863 Procopius

339 900 530 967 memoravit
540 903 590 983 ¹⁰),
616 897 717 965 fuisse
741 898 899 983 suspicari
921 898 1007 962 licet.

427 1020 476 1085 De
498 1019 616 1085 tinibus
637 1018 872 1104 provinciarum
889 1017 1112 1083 Africanarum
1137 1017 1253 1083 aetatis
1268 1016 1466 1082 Iustinianae
1488 1037 1594 1102 pauca
1616 1024 1778 1102 comperta
1801 1018 1970 1084 habemus.

340 1139 413 1204 Non
436 1139 556 1222 ubique
571 1138 750 1204 Iustiniano
772 1137 806 1202 id
829 1137 914 1218 quod
937 1138 1110 1222 expetebat
1132 1136 1316 1221 contigisse,
1343 1142 1378 1200 ut
1399 1135 1441 1200 ad
1460 1136 1540 1201 fines
1555 1144 1681 1202 veteres
1696 1136 1823 1222 imperii
1837 1137 1974 1202 Romani

339 1259 434 1324 limes
450 1258 654 1343 proferretur,
681 1264 817 1324 constat·
856 1256 1090 1322 Mauretaniam
1107 1256 1191 1321 enim
1208 1276 1271 1321 non
1287 1254 1492 1339 Tingitanam
1508 1263 1643 1336 tantum,
1663 1256 1833 1321 sedetiam
1850 1257 1973 1323 Caesa-

339 1377 478 1443 riensem
493 1385 592 1458 totam
608 1384 737 1461 praeter
750 1377 856 1462 ipsam
872 1376 984 1441 urbem
1000 1375 1195 1440 Caesaream
1212 1375 1315 1440 Mauri
1334 1375 1498 1455 tenebant,
1525 1382 1560 1440 ut
1581 1396 1621 1440 ne
1644 1375 1698 1440 via
1720 1376 1849 1457 quidem
1872 1376 1973 1461 pede-

340 1498 424 1579 stris,
451 1518 515 1580 qna
530 1496 726 1563 Caesaream
740 1496 802 1561 iter
816 1496 969 1577 iacerent,
996 1495 1223 1579 Byzantiorum
1238 1501 1335 1574 esset,
1357 1494 1414 1560 sed
1429 1494 1567 1560 navibus
1581 1500 1706 1559 tantum
1720 1494 1805 1560 inter
1818 1497 1902 1561 hanc
1918 1517 1972 1560 nr-

339 1618 424 1700 bem,
440 1616 532 1682 cuius
546 1617 713 1681 moenibus
728 1615 892 1708 provincia
903 1613 1106 1679 Mauretania
1117 1621 1185 1679 tota
1199 1616 1350 1680 conclusa
1365 1621 1444 1696 erat,
1460 1621 1493 1679 et
1503 1614 1732 1697 Carthaginem
1748 1615 1970 1680 commercium

342 1736 434 1801 lieret
445 1737 496 1816 ¹¹).
527 1736 763 1800 Mauretaniam
779 1733 964 1800 Sitifensem
980 1753 1064 1798 anno
1079 1754 1111 1817 p.
1125 1733 1202 1798 Chr.
1216 1755 1249 1798 n.
1264 1735 1327 1797 539
1343 1734 1471 1798 Solomo
1485 1733 1678 1816 vectigalem
1694 1733 1779 1815 fecit,
1800 1754 1870 1800 cum
1887 1736 1972 1800 bello

341 1874 493 1940 prospero
516 1855 633 1920 montis
648 1853 777 1919 Aurasii
796 1873 906 1936 regem
921 1852 1056 1918 laudam
1073 1860 1268 1937 superasset.
1309 1853 1374 1918 Sed
1398 1853 1487 1935 regio
1508 1852 1567 1918 illa
1590 1852 1718 1936 longius
1741 1854 1972 1937 aCarthagine

341 1974 466 2040 distans
489 1973 597 2039 neseio
616 1994 658 2038 an
673 1975 784 2059 paullo
800 1979 872 2057 post
887 1971 1056 2037 Solomone
1071 1973 1236 2038 interfecto
1252 1972 1382 2057 plenam
1397 1972 1579 2038 libertatem
1596 1975 1843 2057 recuperaverit.
1876 1975 1971 2041 Cete-

341 2113 449 2159 rarum
472 2093 708 2176 provinciarum
729 2092 831 2157 maior
853 2110 932 2156 sane
954 2111 1045 2176 pars,
1072 2111 1156 2175 quae
1178 2092 1327 2174 regiones
1348 2091 1544 2171 maritimas,
1571 2111 1667 2175 agros
1689 2093 1804 2177 planos
1827 2095 1972 2160 culturae

342 2212 528 2297 aptissimos
550 2213 711 2294 urbesque
733 2211 800 2276 sere
819 2229 930 2276 omnes
946 2210 1138 2293 continebat,
1164 2232 1185 2276 a
1200 2210 1316 2276 Poenis
1332 2217 1363 2275 et
1378 2210 1531 2275 Romanis
1545 2212 1715 2295 perlonga
1730 2215 1862 2279 saecula
1877 2234 1972 2280 occu-

341 2338 420 2417 pata
434 2332 601 2415 Byzantiis
616 2350 730 2416 parere
745 2350 908 2413 nunquam
925 2331 1104 2395 recusavit,
1135 2330 1200 2395 Sed
1216 2330 1328 2410 Mauri,
1355 2330 1411 2412 qui
1425 2331 1642 2415 asperioribus
1663 2333 1804 2398 maxime
1827 2341 1859 2400 et
1880 2355 1971 2400 mon-

340 2450 427 2517 tanis
449 2451 529 2516 locis
551 2450 677 2516 medias
699 2470 757 2534 per
778 2449 961 2534 provincias
983 2449 1120 2532 dispersi
1144 2449 1350 2526 habitabant,
1384 2451 1470 2515 beilo
1496 2450 1665 2533 ingruente
1688 2471 1751 2516 non
1774 2454 1876 2518 semel
1899 2475 1969 2520 curn

341 2571 489 2636 barbaris
504 2569 638 2635 limitem
652 2569 863 2652 transgressis
878 2587 973 2651 agros
989 2568 1178 2653 depopulati
1193 2587 1277 2650 esse,
1299 2569 1418 2634 milites
1432 2568 1559 2634 insidiis
1574 2577 1761 2654 temptasse,
1780 2573 1858 2655 quin
1873 2575 1969 2640 etiam

342 2689 413 2755 soie
435 2689 592 2755 instructa
614 2708 685 2754 cum
708 2687 874 2772 Byzantiis
898 2685 1081 2752 conflixisse
1104 2688 1263 2753 videntur.
1299 2688 1371 2752 Non
1393 2688 1488 2752 modo
1503 2689 1589 2754 ultra
1602 2689 1746 2770 limitem,
1775 2691 1833 2758 sed
1855 2694 1970 2762 mediis

342 2809 377 2874 in
399 2808 634 2893 provinciarum
656 2806 774 2872 finibus
803 2808 912 2872 hostes
933 2807 1008 2872 illos
1031 2806 1126 2872 sedes
1149 2807 1319 2896 habuisse,
1353 2806 1542 2887 quibuscum
1566 2809 1655 2873 vario
1676 2810 1778 2876 Marte
1801 2812 1971 2880 Iustiniani

344 2928 504 2994 exercitus
527 2946 626 3012 saepe
648 2946 739 2991 arma
762 2927 971 3008 contulerint,
1004 2945 1075 2991 eum
1098 2926 1172 2991 aliis
1194 2946 1212 2992 e
1234 2926 1426 2992 testimoniis
1449 2927 1676 3011 comperimus,
1709 2936 1776 2994 turn
1799 2951 1817 2996 e
1840 2932 1970 3019 Corippi

344 3048 414 3113 loco
437 3068 485 3129 eo,
512 3047 555 3112 ad
576 3067 671 3131 quem
693 3045 921 3131 explicandum
944 3045 1009 3110 iam
1031 3053 1172 3111 transeo.
1227 3046 1231 3050 ’
1470 3020 1471 3023 ¹

430 3166 624 3251 Populorum
647 3165 858 3230 Maurieornm
882 3165 1022 3245 nomina,
1048 3165 1155 3245 sedes,
1181 3184 1285 3230 mores
1308 3164 1478 3249 indaganti
1500 3167 1609 3231 nescio
1630 3188 1673 3232 an
1695 3169 1804 3235 nullus
1826 3179 1969 3238 veterum

344 3287 434 3352 loeus
456 3285 558 3370 pluris
580 3284 750 3349 faciendus
777 3284 819 3349 sit
834 3283 932 3361 ⁴initio
961 3283 1034 3348 libri
1065 3283 1197 3349 secundi
1231 3284 1273 3363 (ll
1296 3286 1455 3363 28-161)
1481 3286 1694 3368 Iohannidos,
1729 3309 1791 3372 quo
1813 3291 1970 3377 Corippus

345 3411 459 3488 gentes
481 3404 620 3470 rebelles
642 3410 789 3480 recenset
799 3405 849 3487 ¹²).
895 3403 1009 3484 Neque
1039 3402 1123 3468 enirn
1153 3403 1315 3468 nominum
1344 3423 1422 3469 casn
1444 3405 1583 3487 quodam
1608 3414 1828 3490 congestorum
1856 3411 1972 3477 mixto-

346 3543 480 3605 rumque
511 3522 707 3605 farraginem
737 3520 889 3600 effundit,
923 3521 982 3586 sed
1009 3521 1065 3586 via
1093 3529 1188 3605 atque
1217 3522 1328 3588 ordine
1358 3531 1444 3588 certo
1465 3526 1642 3609 procedens
1665 3535 1779 3610 gentes
1800 3528 1968 3615 affinitate,

346 3642 494 3723 sedibus,
528 3641 669 3707 moribus
698 3640 781 3706 inter
803 3660 838 3706 se
860 3640 987 3705 innotus
1016 3640 1252 3725 complectitur,
1286 3642 1432 3708 diversas
1455 3652 1595 3729 separat.
1640 3646 1691 3712 Ne
1713 3648 1816 3714 obiter
1842 3650 1971 3732 quidem

346 3780 460 3828 versus
489 3761 565 3827 illos
587 3760 809 3846 inspicientem
832 3755 933 3825 latere
955 3779 1050 3845 posse
1071 3760 1222 3842 arbitror,
1255 3761 1288 3826 in
1316 3769 1382 3827 tres
1409 3770 1516 3847 partes
1546 3783 1567 3829 a
1595 3773 1689 3850 poeta
1718 3775 1831 3851 gentes
1862 3791 1973 3836 omnes

347 3881 461 3947 dividi.
511 3881 644 3946 Duobus
668 3880 752 3947 enim
776 3880 867 3959 locis,
892 3885 964 3964 post
985 3899 1114 3945 versum
1136 3882 1177 3944 84
1201 3887 1327 3964 etpost
1348 3900 1474 3947 versum
1501 3886 1572 3959 137,
1605 3886 1705 3951 oratio
1733 3887 1779 3951 ita
1808 3887 1968 3972 inciditur,

345 4008 380 4066 ut
402 4001 445 4067 ad
467 4000 566 4066 aliam
588 4007 743 4067 terrarum
767 3999 979 4064 Mauricarum
1001 4006 1124 4082 partem
1154 4000 1290 4079 transire
1314 4000 1471 4086 Corippus
1499 4002 1655 4068 videatur.
1703 4006 1772 4071 Iam
1801 4029 1877 4073 vero
1906 4009 1973 4074 sin·

345 4121 425 4205 gula
446 4140 603 4204 quaeque,
629 4120 831 4201 inquantum
847 4137 1029 4202 possumus,
1055 4118 1276 4203 perquirentes
1291 4119 1386 4185 facile
1401 4120 1627 4204 intellegemus
1645 4124 1781 4208 primum
1797 4127 1830 4192 11
1845 4131 1971 4193 28-84

435 4412 475 4474 io)
495 4414 595 4475 Procop.
617 4412 648 4460 de
667 4412 743 4460 sodli.
765 4411 836 4460 vlu
859 4407 926 4461 sord
950 4407 978 4461 δὲ
1002 4409 1049 4479 τὴν
1074 4409 1208 4480 μεσόγειαν
1233 4410 1258 4469 ie
1281 4416 1329 4481 τῆς
1351 4413 1438 4482 χώρας
1455 4412 1488 4465 τὰ
1506 4412 1615 4486 ἔσχατα,
1641 4412 1684 4467 ίνα
1702 4415 1733 4484 δὴ
1752 4415 1832 4487 σίιτήν
1852 4417 1974 4490 βάρβαροι

345 4501 508 4566 προσοικοῦσι
526 4491 697 4565 Μαορούσιοι,
719 4494 909 4566 ἐπιτειχίσματα
927 4489 986 4546 κατ’
1007 4493 1090 4546 αὐτῶν
1109 4495 1246 4565 πεποίηται
1265 4496 1442 4559 δυνατώτατα,
1464 4498 1489 4560 ie
1507 4500 1542 4551 ὦν
1561 4498 1592 4569 δὴ
1613 4499 1697 4553 obsim
1715 4499 1766 4554 οίοι
1783 4503 1811 4555 τί
1829 4503 1876 4556 είσι
1892 4524 1974 4559 κατα-

345 4580 403 4636 θεῖν
421 4581 468 4650 τὴν
485 4573 622 4649 Ῥωμαίων
640 4579 733 4652 ἀρχὴν.
771 4579 857 4638 πόλεις
880 4597 908 4631 τε
931 4580 980 4650 γοίρ
997 4579 1042 4639 τὰς
1062 4578 1173 4633 ίνταῦίία
1191 4578 1269 4640 οίσας
1288 4581 1314 4633 ἐν
1334 4582 1440 4654 ἐσχατιᾷ
1458 4590 1505 4652 τῆς
1522 4587 1610 4656 χώρας
1629 4586 1724 4658 ἑκάστῃ
1742 4587 1851 4659 τείχεσιν
1870 4589 1974 4663 ίχυροῖς

344 4665 409 4738 ἄγαν
427 4665 584 4736 περιβαλὼν,
610 4664 651 4724 αίς
675 4665 701 4718 αί
725 4665 891 4736 προσηγορίαι
909 4662 1028 4736 Μοίμμης
1045 4683 1073 4718 τε
1090 4667 1134 4718 καὶ
1152 4664 1282 4736 Τελεπτίγ,
1311 4663 1471 4733 Κούλουλις·,
1496 4671 1540 4722 aul
1558 4671 1678 4742 φρούριον
1695 4673 1884 4745 τειχισάμενος,
1911 4675 1974 4747 ὅπερ

343 4751 467 4806 καλοῦσιν
485 4750 509 4804 ol
529 4751 647 4824 ἐγχώριοι
664 4748 808 4821 Αὺμττίρα,
829 4750 966 4822 ίχεγγίιους
986 4750 1097 4804 ἐνταῦθα
1115 4753 1242 4822 φρουροὺς
1262 4762 1421 4822 στρατιωτῶν
1439 4756 1621 4826 κατεστήσατο.

435 4838 474 4900 11)
496 4841 564 4888 Ρτοσ.
585 4840 610 4887 b.
632 4838 712 4888 Vsnd.
732 4839 757 4886 ll
777 4837 810 4888 20
828 4841 873 4887 tin.

434 4923 473 4985 ii)
495 4925 552 4973 Loci
572 4925 649 4972 totius
666 4926 801 4987 partitione
819 4931 845 4973 et
863 4937 959 4973 conexu
979 4938 1066 4986 perum
1084 4928 1225 4988 perspectis
1244 4928 1350 4990 primum
1363 4927 1573 4977 Mszznccbellins
1591 4932 1616 4977 in
1631 4932 1747 4979 editionis
1760 4933 1973 4996 adnotationibus,

345 5011 438 5060 deinde
456 5010 544 5060 Comes
562 5008 617 5058 Gur.
638 5008 692 5059 Oct.
714 5009 862 5069 Gestiglioni
881 5011 999 5059 Memoire
1017 5011 1202 5074 geographiqne
1221 5019 1248 5060 et
1266 5015 1463 5076 numismatiqoe
1481 5029 1525 5062 sur
1543 5015 1569 5063 is
1586 5017 1668 5078 partie
1685 5019 1805 5066 orientale
1824 5020 1855 5068 de
1874 5021 1897 5068 is
1916 5022 1975 5069 Ber·

345 5097 415 5146 btrie
433 5096 499 5144 snivi
519 5095 550 5144 de
567 5095 713 5143 recherches
731 5108 774 5143 sur
793 5095 830 5144 les
844 5096 949 5144 Berbers
962 5096 1125 5159 Atlantiques
1144 5097 1223 5146 Milan
1239 5096 1304 5147 iste
1323 5113 1349 5163 p.
1363 5098 1483 5149 itt-tto
1502 5113 1590 5149 versus
1609 5102 1741 5150 nonnullos
1760 5104 1796 5152 ita
1814 5097 1976 5167 interpretari

346 5183 515 5243 conabuntur,
542 5186 572 5228 ut
589 5181 697 5228 locorum
715 5181 780 5229 situs
798 5182 944 5242 gentiumve
963 5183 1050 5230 sedum
1070 5196 1159 5245 psrnm
1177 5184 1282 5245 curiosi,
1304 5187 1432 5232 nominum
1451 5185 1630 5234 similitudines
1650 5187 1713 5235 soiss
1731 5195 1877 5251 captantes,
1903 5193 1975 5254 quid·

346 5268 408 5329 qnid
427 5267 595 5327 cogitantibus
612 5267 638 5313 in
657 5271 767 5314 mentem
787 5267 923 5326 incideret,
951 5269 978 5314 irr
997 5268 1107 5316 medium
1127 5270 1274 5329 proterrent.
1312 5269 1390 5327 Quem
1409 5270 1554 5333 explicandi
1571 5274 1692 5320 rationem
1711 5275 1825 5334 quamvis
1844 5274 1892 5324 ism
1910 5292 1976 5327 snno

348 5352 414 5404 isti
433 5352 639 5415 improbaverim,
665 5364 713 5414 quo
737 5357 817 5400 totum
837 5352 917 5400 iocum
936 5354 1041 5414 eiusque
1061 5353 1210 5402 divisionem
1230 5357 1256 5402 in
1275 5355 1382 5404 Hermae
1401 5357 1529 5404 volumine
1547 5370 1612 5405 nono
1633 5358 1756 5419 [Beitrige
1774 5374 1819 5407 zur
1839 5360 1977 5426 Eriremng

347 5438 398 5487 und
418 5438 500 5486 Kritiir
518 5437 563 5484 der
580 5434 699 5485 lolrsnnis
717 5437 761 5484 des
780 5436 906 5500 Corippus
925 5453 949 5500 p.
971 5437 1021 5488 29³
1035 5443 1083 5501 sq.)
1111 5439 1237 5488 iilustrare
1261 5442 1363 5500 studui,
1390 5446 1473 5490 tsmerr
1500 5443 1649 5504 quibusdem
1674 5445 1700 5491 in
1724 5446 1798 5493 rebus
1821 5453 1882 5495 tnnc
1905 5449 1976 5499 modo

346 5522 538 5573 Marrucehelill
561 5522 711 5570 lectionibus
730 5527 854 5584 perversis
873 5524 943 5572 modo
963 5538 1016 5572 mes
1036 5525 1139 5573 sudscis
1157 5526 1183 5574 in
1202 5539 1296 5575 errores
1314 5528 1433 5576 inductus
1452 5541 1517 5576 sum.
1554 5528 1591 5576 Ne
1610 5530 1684 5577 nimis
1702 5530 1763 5578 lrsee
1781 5531 1918 5594 disputatio
1935 5535 1977 5582 in·

346 5613 477 5669 cresceret,
498 5621 545 5656 nec
563 5619 631 5656 meos
648 5608 705 5655 ilios
722 5620 805 5669 neque
824 5610 932 5657 siiorum
951 5611 1117 5672 interpretum
1136 5612 1220 5674 lapsus
1238 5624 1306 5660 nune
1324 5614 1466 5673 memoravi,
1487 5613 1531 5663 sed
1550 5615 1693 5676 ubieunque
1712 5629 1750 5663 res
1763 5624 1900 5678 perscissa
1912 5621 1977 5670 bene

344 5695 457 5745 stabilite
474 5693 537 5742 mihi
557 5692 696 5755 videbatur,
717 5693 951 5757 interpretationem
969 5708 1051 5742 veram
1070 5697 1204 5756 protulisse
1224 5699 1285 5746 estis
1303 5696 1388 5746 hebui.
1440 5740 1445 5754 ,J
