4440 6276
289 400 395 466 XLVI
993 386 1221 452 Pnoodurvu.

293 622 467 688 Anastasio
487 630 655 704 quaestore
679 620 761 686 sacri
784 620 913 705 palatii,
940 626 976 684 ut
996 619 1179 704 imperatori
1202 639 1254 685 res
1276 639 1354 685 suas
1375 619 1514 686 afflictas
1537 620 1754 703 commendet,
1780 621 1860 705 petit
1872 624 1924 705 ¹⁹).

294 741 437 827 Dignum
460 761 495 808 se
517 761 605 822 esse,
639 741 690 806 cui
712 740 869 822 beneficia
891 739 1004 804 lustini
1027 740 1209 818 obveniant,
1239 739 1358 804 ‘sacris
1380 739 1612 824 apicibns'20),
1645 740 1816 806 Iustiniani
1837 741 1928 826 prin·

296 862 376 946 cipis
397 861 525 927 decreto
548 861 760 939 demonstrat,
793 880 855 942 quo
882 859 978 924 officii
1009 858 1149 924 diuturni
1180 859 1324 944 praemia
1353 859 1512 941 quaedam
1541 867 1655 926 nactus
1684 879 1757 926 esse
1785 860 1924 926 videtur.

295 981 345 1047 De
374 982 502 1047 decreto
533 981 687 1046 honestae
716 978 878 1044 missionis
908 985 1035 1063 poetam
1065 979 1153 1061 loqui
1184 978 1362 1058 crederem,
1396 979 1458 1044 nisi
1487 979 1590 1064 ipsius
1618 979 1725 1045 verbis
1753 972 1928 1046 etiamtunc

295 1121 369 1167 eum
391 1100 546 1185 principis
566 1100 600 1165 in
623 1099 727 1165 officio
750 1099 851 1164 luisse
874 1107 1069 1183 compertum
1092 1098 1296 1164 haberemus.

383 1221 594 1304 Paupertate,
632 1219 683 1284 cui
712 1218 936 1302 imperatorem
968 1219 1197 1283 subventurum
1227 1237 1298 1283 esse
1329 1219 1498 1302 sperabat,
1533 1226 1630 1304 poeta
1658 1219 1811 1284 extremis
1840 1219 1927 1285 vitae

297 1339 408 1421 annis,
442 1347 477 1404 ut
507 1339 647 1404 carmine
678 1338 772 1403 senili
794 1338 908 1403 Iustini
938 1337 1052 1403 landes
1082 1344 1226 1418 caneret,
1260 1338 1418 1403 adductus
1442 1341 1551 1421 est²¹).
1598 1338 1648 1403 De
1670 1346 1829 1424 tempore,
1863 1360 1927 1423 quo

295 1460 512 1545 panegyricus
536 1459 674 1543 scriptus
697 1459 749 1537 sit,
775 1457 838 1522 iam
861 1458 1038 1540 Fogginins
1061 1457 1094 1522 in
1117 1456 1269 1523 editionis
1291 1458 1490 1542 praefatione
1512 1465 1578 1523 tam
1601 1458 1680 1524 scite
1702 1465 1735 1524 et
1755 1458 1930 1543 diligenter

298 1580 379 1664 egit,
407 1587 442 1645 ut
463 1599 555 1644 nemo
578 1585 651 1663 post
673 1598 746 1643 eum
768 1578 852 1641 hanc
874 1577 1094 1659 quaestionem
1117 1576 1275 1660 tetigerit,
1302 1578 1379 1660 quin
1402 1577 1472 1642 eius
1494 1578 1612 1642 scrinia
1634 1578 1826 1662 compilasse
1848 1578 1929 1644 satis

298 1699 458 1765 habuerit.
504 1699 577 1763 Non
600 1697 712 1762 eodem
736 1716 846 1762 omnes
868 1696 967 1761 libros
989 1705 1150 1781 tempore,
1183 1697 1240 1762 sed
1266 1704 1412 1780 quartum
1437 1696 1601 1779 aliquanto
1624 1704 1698 1782 post
1718 1704 1783 1763 tres
1804 1697 1929 1782 priores

299 1819 420 1905 publici
448 1819 527 1883 iuris
557 1817 676 1884 iactum
706 1837 779 1882 esse
808 1823 893 1882 recte
916 1815 1094 1899 chginius
1123 1836 1141 1880 e
1172 1817 1246 1880 libri
1275 1817 1361 1883 tertii
1390 1816 1453 1881 fine
1484 1816 1630 1901 collegit,
1664 1837 1726 1900 quo
1747 1824 1844 1902 poeta
1865 1838 1930 1882 non

299 1939 425 2018 omnia,
458 1959 541 2021 quae
564 1937 706 2003 Iustinus
728 1935 881 2021 gesserit,
914 1956 1013 2020 parvo
1043 1936 1116 2001 libri
1146 1935 1291 2000 eiusdem
1322 1936 1425 2020 spatio
1455 1937 1725 2021 comprehendere
1754 1956 1789 2002 se
1817 1957 1925 2022 posse,

299 2059 359 2125 sed
381 2059 482 2123 multa
514 2057 633 2123 ‘dilata
654 2077 785 2141 parum,
811 2077 875 2121 non
898 2055 1145 2140 praetereunda'
1175 2055 1208 2119 in
1233 2063 1394 2139 posterum
1417 2055 1597 2139 relinquere
1619 2056 1748 2123 fatetur.
1793 2057 1842 2122 Ac
1863 2064 1929 2122 tres

299 2179 429 2262 quidem
460 2178 581 2262 priores
610 2176 707 2242 libros
741 2175 853 2261 primis
886 2175 972 2239 haud
1007 2175 1103 2240 dubie
1137 2175 1300 2240 mensibus
1333 2175 1425 2258 regni
1454 2175 1567 2241 Iustini
1598 2176 1756 2261 Corippns
1789 2176 1929 2243 scribere

298 2299 413 2384 coepit.
460 2298 559 2362 Nullo
583 2296 667 2362 enim
689 2295 752 2360 nisi
773 2296 834 2360 boc
855 2303 1008 2378 tempore,
1034 2315 1096 2377 quo
1120 2294 1289 2361 Iustiniani
1311 2295 1419 2377 funus,
1444 2294 1559 2359 Iustini
1582 2295 1760 2379 coronatio,
1785 2296 1928 2361 Avamm

298 2418 418 2503 legatio
441 2417 532 2482 inita
555 2416 697 2497 omnium
720 2415 753 2480 in
776 2436 830 2480 ore
853 2421 961 2492 erant,
994 2413 1170 2479 hebdomas
1180 2417 1215 2496 ²²,
1243 2413 1347 2498 prima
1369 2414 1460 2496 regni
1482 2414 1595 2480 Iustini
1618 2422 1735 2498 po'e'tae
1758 2415 1858 2499 digna
1879 2417 1930 2481 vi-

300 2538 369 2603 deri
392 2538 508 2623 potuit,
543 2556 625 2618 qnae
656 2536 808 2600 librorum
837 2533 931 2597 trium
963 2533 1143 2598 narratione
1173 2534 1265 2617 epiea
1293 2535 1519 2599 celebraretur.
1566 2534 1631 2600 Sed
1654 2553 1733 2600 sano
1755 2535 1930 2618 sagacique

298 2658 418 2723 iudicio
446 2656 623 2739 Fogginius
652 2656 716 2719 iam
748 2653 822 2718 libri
851 2652 944 2737 primi
975 2673 1087 2718 versus
1116 2653 1196 2717 duos
1226 2645 1365 2736 invenit,
1403 2674 1486 2738 qnae
1514 2675 1599 2719 anno
1630 2654 1757 2719 demum
1789 2655 1930 2721 secundo

298 2778 413 2842 Iustini
447 2775 649 2860 imperatoris
684 2777 802 2856 (toust)
841 2772 937 2837 scribi
970 2779 1157 2857 potuerunt,
1194 2793 1256 2855 quo
1284 2773 1456 2838 Aetherius
1490 2781 1522 2839 et
1549 2774 1693 2857 Abdius,
1730 2774 1784 2858 qui
1817 2783 1930 2842 conba

298 2897 413 2962 Iustini
435 2897 534 2961 vitam
558 2895 809 2969 coniuraverunt,
836 2891 945 2977 gladio
967 2892 1111 2976 percussi
1134 2891 1276 2956 criminis
1298 2913 1421 2977 poenas
1443 2893 1660 2978 dederunt²³l.
1702 2895 1820 2961 Eorum
1842 2895 1929 2962 enim

298 3017 342 3082 ad
372 3015 565 3100 supplicium
593 3014 712 3099 optimo
744 3014 813 3079 iure
835 3011 1013 3095 Fogginius
1035 3010 1295 3077 vaticinationem
1318 3012 1408 3077 illam
1430 3014 1554 3094 retulit,
1588 3034 1684 3097 quam
1707 3034 1799 3081 sacra
1820 3015 1929 3082 Pietas

299 3136 423 3230 Iustino
446 3135 616 3200 dormienti
638 3134 806 3218 imperium
830 3132 1051 3216 accipiendum
1075 3131 1261 3197 renuntians
1283 3132 1371 3215 apud
1393 3133 1565 3218 Corippum
1587 3134 1765 3218 portendit:

456 3255 544 3320 laud.
570 3256 648 3320 lust.
675 3254 691 3317 1
715 3257 755 3316 66
779 3251 923 3335 quisquis
946 3251 1006 3315 erit
1029 3258 1172 3327 vestrae,
1199 3271 1313 3335 perse
1338 3252 1448 3330 cadet,
1473 3253 1601 3318 invidus
1624 3255 1737 3335 aulae,

773 3353 964 3435 adiicietque
986 3353 1072 3417 viros
1094 3353 1202 3435 legum
1226 3354 1299 3437 pius
1321 3355 1409 3419 ensis
1431 3355 1569 3437 iniquos.

303 3480 436 3545 Constat
458 3477 556 3560 igitur
577 3476 631 3540 vix
654 3483 728 3540 ante
750 3474 826 3539 anni
850 3476 911 3537 566
934 3473 1029 3538 finem
1052 3473 1171 3556 primos
1197 3473 1385 3557 panegyrici
1414 3474 1513 3539 libros
1542 3475 1575 3540 iu
1605 3477 1766 3561 publicum
1796 3478 1932 3544 emissos

299 3618 383 3665 esse.
430 3597 500 3661 Nec
530 3615 605 3660 vero
634 3600 706 3678 post
735 3614 854 3658 annum
878 3596 938 3656 667
970 3592 1089 3658 factum
1119 3592 1154 3657 id
1182 3611 1255 3659 esse
1286 3593 1526 3677 epraelatione
1549 3596 1671 3677 elucet,
1704 3616 1788 3679 quae
1811 3597 1931 3683 scripta

298 3725 358 3800 est,
377 3699 564 3801 priusquam
579 3715 702 3779 Avares
718 3720 750 3778 et
764 3712 969 3797 Langobardi
983 3711 1219 3778 incursionibus
1234 3712 1403 3798 imperium
1418 3715 1594 3779 Romanum
1611 3735 1729 3781 vexare
1744 3724 1928 3801 coeperunt.

384 3834 520 3915 Quando
549 3841 680 3917 quartus
710 3832 899 3917 panegyrici
927 3832 1009 3897 liber
1036 3832 1159 3916 publici
1186 3832 1264 3897 iuris
1288 3833 1392 3898 factus
1415 3834 1473 3914 sit,
1506 3834 1680 3900 nescimus.
1726 3835 1801 3900 Veri
1824 3836 1931 3902 simile

295 3964 346 4024 est
374 3957 484 4042 paullo
515 3961 588 4039 post
616 3959 738 4018 ceteros
768 3960 834 4017 tres
865 3971 936 4016 eum
966 3952 1110 4037 prodisse
1120 3955 1178 4034 ²⁴),
1222 3953 1316 4018 bellis
1348 3953 1465 4018 deinde
1492 3953 1716 4038 ingruentibus
1744 3955 1797 4021 vel
1829 3962 1929 4022 morte

295 4084 410 4163 poetae
431 4075 520 4141 inani
543 4073 730 4159 panegyrici
752 4072 829 4137 ludo
852 4070 948 4136 finem
970 4072 1153 4156 impositum
1177 4091 1260 4137 esse.

383 4302 424 4363 19)
444 4302 512 4351 laud.
533 4302 620 4350 Anast.
640 4299 671 4347 tl
693 4312 732 4346 me
751 4311 851 4359 quoque
870 4297 1036 4358 gaudentem,
1057 4302 1215 4359 quaestorum
1233 4299 1357 4357 maxima,
1378 4298 1462 4347 redde.

697 4384 762 4446 quod
779 4385 847 4432 labor
865 4384 985 4443 indulsit,
1007 4383 1072 4444 qnod
1092 4384 1167 4432 fessis
1186 4384 1290 4446 provida
1309 4384 1388 4432 Musis

696 4470 760 4518 alma
777 4484 822 4532 per
839 4471 967 4518 insomnes
985 4470 1078 4517 meruit
1096 4470 1227 4529 vigilantia
1246 4475 1347 4531 noctes,

695 4557 721 4603 hi
740 4557 803 4604 sacri
822 4561 962 4604 monstrant
978 4557 1071 4618 apices.
1108 4556 1177 4619 lege,
1199 4570 1297 4604 summe
1316 4557 1449 4616 magister,

694 4647 720 4689 et
738 4656 837 4690 cansam
856 4641 962 4689 deiende
981 4655 1070 4691 meam.
1108 4643 1156 4690 tibi
1175 4644 1270 4691 sanctio
1289 4648 1400 4690 vestrum

696 4726 854 4775 commendat
871 4726 1003 4775 famulum.

379 4811 420 4874 20)
441 4812 477 4861 Na
496 4815 552 4875 qnia
566 4814 684 4874 Fogginio
703 4809 873 4874 adstipulatus
891 4815 957 4873 ipsos
976 4812 1118 4874 panegyrici
1137 4811 1212 4860 libros
1231 4813 1363 4875 acorippo
1384 4815 1479 4860 ‘sacros
1497 4809 1592 4873 apicas'
1611 4811 1730 4873 appellari
1748 4811 1841 4872 credat,
1860 4826 1925 4874 pan·

293 4914 333 4947 cos
351 4900 417 4948 locos
436 4900 562 4959 adscribo,
588 4913 602 4946 a
627 4900 719 4961 quibua
743 4899 854 4946 solemne
878 4899 906 4947 id
930 4911 1019 4946 nomen
1045 4898 1124 4946 inisse
1142 4897 1236 4946 decreti
1253 4901 1409 4961 imperatoria
1428 4903 1555 4961 appareat.
1592 4896 1678 4946 Sidon.
1698 4909 1737 4959 cp.
1761 4895 1784 4958 i,
1805 4898 1830 4947 5.
1850 4896 1875 4961 6,
1896 4897 1921 4947 8.

291 4985 351 5035 Ood.
371 4987 437 5035 lust.
455 4987 481 5033 11
500 4983 523 5044 8,
546 4985 571 5034 6.
592 4984 628 5032 xl
646 4984 689 5044 42,
711 4983 752 5032 ll.

377 5071 420 5132 ai)
440 5071 507 5120 laud.
528 5073 593 5121 Inst.
613 5070 691 5133 praei.
712 5069 744 5118 ts
763 5076 846 5131 grates
865 5082 964 5132 semper
981 5082 1026 5129 ago
1044 5076 1070 5118 et
1087 5083 1131 5132 pro
1149 5083 1254 5118 munere
1272 5071 1380 5119 carmina
1398 5076 1477 5132 porto.

376 5157 419 5219 22)
438 5160 469 5207 ln
488 5164 540 5207 tres
557 5158 634 5206 libros
653 5157 747 5218 priores
765 5156 790 5204 id
809 5157 889 5217 cadit,
911 5155 977 5217 quod
995 5154 1137 5204 Guilelmus
1157 5157 1296 5205 Taniteiins
1313 5157 1441 5204 incautius
1459 5156 1490 5204 dc
1508 5160 1560 5204 toto
1578 5154 1679 5217 Gorippi
1697 5154 1847 5216 panegyrico
1865 5167 1923 5202 con-

292 5243 386 5295 tendit:
416 5245 479 5293 ‘Die
498 5245 594 5305 Aulage
613 5245 647 5292 ist
665 5255 691 5291 sc
711 5242 908 5304 weitschueiiig,
936 5240 993 5289 dass
1015 5241 1085 5290 dicae
1102 5241 1118 5290 4
1138 5241 1236 5289 Biicher
1254 5255 1302 5290 nur
1320 5241 1362 5289 die
1379 5247 1464 5290 ersten
1482 5241 1540 5290 acht
1558 5242 1624 5301 Tage
1644 5254 1690 5288 von
1707 5237 1816 5289 Jnsun‘s
1835 5241 1924 5300 Regie-

289 5343 354 5390 rnug
373 5328 522 5380 umiassan'.
561 5329 709 5377 Geschichte
727 5329 773 5376 der
789 5329 852 5377 riim.
873 5327 1011 5379 Literatur.
1031 5323 1048 5392 S
1066 5325 1127 5377 ist.

374 5414 417 5473 23)
439 5417 550 5478 Theoph.
572 5417 612 5466 ed.
634 5414 736 5465 Classen
754 5416 767 5462 l
784 5429 811 5477 p.
831 5409 882 5462 373
906 5410 988 5480 vairp
1012 5410 1048 5481 τῷ
1071 5409 1122 5463 ἔτει
1140 5408 1260 5480 Aldtprct
1282 5410 1327 5465 sal
1346 5399 1474 5480 ὁἌβδιος
1491 5410 1535 5464 aul
1554 5408 1568 5463 ὁ
1586 5408 1630 5462 cdv
1649 5407 1737 5469 αὐτοῖς
1757 5407 1842 5478 [ατρὸς
1861 5407 1921 5461 ἐπε-

289 5497 428 5568 βούλευσαν
447 5501 483 5570 τῷ
503 5498 603 5568 βασιλεῖ
621 5493 757 5568 Ἰουστῖνῳ,
777 5495 933 5570 γνωσθέντες
951 5497 979 5550 δὲ
998 5495 1127 5551 ἀπέθανον
1147 5495 1220 5567 ξίφει.

376 5586 416 5649 at)
438 5589 467 5636 ln
493 5595 581 5650 quarto
606 5591 681 5636 etiam
704 5589 767 5637 libro
790 5601 880 5636 versus
904 5588 977 5650 pauci
1003 5592 1106 5646 extant,
1132 5588 1159 5634 ln
1185 5586 1277 5647 quibus
1301 5586 1440 5635 scribendis
1463 5585 1536 5648 poita
1554 5584 1732 5634 coniurationis
1752 5583 1921 5646 suppliciique

289 5672 402 5722 Aetherii
421 5680 447 5722 at
466 5673 543 5721 audii
562 5677 707 5722 meminisse
726 5674 834 5723 videtur.
872 5673 908 5721 IV
927 5671 1073 5721 ais-363.
