4440 6276
841 427 1071 482 IOHANNIDOS
1090 428 1159 483 LIB.
1182 428 1233 481 ΙΙΙ.

490 639 519 676 :s
616 617 710 683 miles
732 617 821 683 utin
843 624 952 683 tenero
975 617 1098 683 laxauit
1120 617 1262 683 membra
1284 636 1415 702 sopore.

617 741 686 785 rore
709 741 790 786 novo
812 721 933 806 primus
955 719 1097 786 madidis
1119 741 1192 785 mox
1214 719 1306 786 irruit
1327 721 1390 786 alis

618 843 764 905 somnus,
791 833 823 889 et
845 825 948 889 effuso
970 824 1128 890 flaverunt
1150 830 1279 908 pectora
1301 843 1410 889 cornu.

618 932 723 991 castra
744 925 854 992 aliena
875 927 958 1012 rapit
980 927 1076 992 celsis
1099 926 1140 993 de
1163 925 1322 992 montibus
1344 928 1472 993 absens.

619 1050 747 1114 corpore
770 1028 885 1095 dormit
907 1031 1010 1111 iners,
1036 1029 1142 1095 animo
1165 1037 1272 1095 tamen
1294 1030 1351 1095 ille
1373 1030 1496 1096 laborat

619 1133 706 1199 oona
727 1152 859 1218 gerens,
885 1133 1045 1217 vincitque
1068 1134 1199 1199 trahens
1221 1140 1278 1198 aut
1299 1133 1445 1198 vulnerat
1467 1133 1607 1199 hostem.

619 1243 675 1301 aut
696 1236 776 1302 vitat
797 1236 901 1321 clipeo
924 1235 1087 1301 venientia
1109 1236 1242 1301 vulnera
1265 1243 1376 1301 cautus

619 1338 775 1423 opposito.
821 1358 905 1404 nunc
927 1337 1081 1404 dividitur
1103 1359 1264 1421 sensuque
1287 1358 1464 1421 manuque,

620 1462 704 1506 nunc
726 1450 894 1525 utrumque
917 1449 1033 1507 movet.
1082 1440 1172 1507 silvis
1198 1443 1320 1507 bellare
1343 1440 1470 1505 videtur

516 1565 523 1577 ·
623 1544 691 1629 ipsc
715 1544 788 1610 sibi.
834 1565 907 1609 nam
932 1545 1075 1610 membra
1098 1553 1214 1611 r'acant
1236 1543 1423 1627 languentia
1445 1563 1564 1608 somno.

501 1671 525 1707 ·.·›
621 1649 741 1713 lumina
763 1668 861 1734 saepe
883 1649 994 1714 uident
1016 1669 1147 1714 saevum
1172 1668 1356 1714 concurrere
1379 1649 1530 1714 Martem.

622 1751 743 1815 lumina
765 1751 877 1816 clausa
899 1751 1010 1818 vident
1031 1761 1204 1817 certamen.
1250 1752 1276 1817 it
1298 1750 1445 1817 horridus
1468 1751 1533 1816 ira.

622 1854 752 1936 vultque
776 1875 903 1920 movere
925 1875 1049 1921 manus
1098 1856 1311 1938 languescunt
1333 1855 1420 1922 fessa
1442 1874 1555 1939 sopore

621 1957 763 2022 membra
785 1957 855 2023 viri.
903 1958 1048 2041 quotiens
1070 1978 1205 2024 excusso
1228 1959 1360 2024 dextera
1383 1958 1482 2024 ferro.

622 2060 697 2126 dum
720 2068 811 2146 putat
831 2062 1020 2141 aduersum,
1046 2062 1167 2127 socium
1190 2060 1265 2127 ferit
1285 2061 1429 2145 improba
1450 2067 1580 2144 pectus,

623 2172 655 2229 et
676 2163 776 2230 risere
798 2162 858 2228 uiri
882 2164 1056 2230 referentes
1078 2164 1200 2249 proelia
1222 2169 1383 2230 somnum!

622 2288 765 2333 necnon
787 2267 821 2332 in
845 2266 960 2333 mediis
982 2268 1068 2333 acies
1090 2267 1253 2333 Maurusia
1276 2268 1367 2332 siliis

623 2371 769 2456 praescia
789 2371 855 2437 iam
877 2371 983 2436 saeris
1005 2372 1145 2454 agitatur
1166 2372 1199 2436 in
1220 2372 1309 2437 invia
1331 2371 1416 2437 fatis.

624 2482 729 2539 castra
751 2475 819 2559 rapi
842 2472 945 2556 videt,
971 2481 1004 2540 et
1025 2494 1152 2540 somnos
1174 2473 1238 2539 ianr
1262 2473 1376 2559 proflat
1397 2495 1533 2539 amaros.

625 2577 774 2661 languet,
801 2576 1004 2663 direptosque
1028 2584 1132 2663 potest
1153 2598 1212 2644 nec
1234 2576 1310 2643 flere
1334 2579 1473 2642 camelos

499 2702 529 2740 rs
625 2701 684 2746 nec
707 2680 825 2746 vindex
847 2681 966 2764 surgit,
991 2680 1068 2746 totis
1090 2681 1148 2746 sed
1172 2700 1296 2747 currere
1320 2680 1441 2765 campis

625 2783 756 2868 agmina
777 2783 851 2849 fusa
872 2784 960 2850 videt
982 2784 1162 2867 frustraque
1183 2785 1328 2851 attollere
1351 2784 1513 2850 (ienuam.

625 2895 677 2953 ast
698 2888 779 2953 alios
802 2887 900 2954 sterni
923 2888 1021 2953 variis
1043 2910 1100 2973 per
1121 2888 1217 2954 devia
1239 2888 1325 2954 fatis.

626 3011 751 3056 (tumere
773 2991 908 3075 quisque
931 2991 1034 3072 volet,
1061 2992 1275 3073 languescunt
1295 2993 1437 3058 membra
1458 2993 1570 3058 timore

627 3101 659 3159 et
681 3093 784 3159 somni
807 3093 965 3176 grauitate
989 3101 1092 3160 ruunt.
1140 3095 1319 3180 perterritat
1342 3095 1442 3160 hostis

628 3204 742 3262 cuncta
763 3197 869 3276 serus,
895 3216 1028 3263 saevum
1051 3197 1220 3282 geminans
1243 3197 1274 3261 in
1299 3197 1423 3264 viscera
1443 3196 1573 3262 ferrum.

627 3300 703 3365 drrm
726 3321 823 3366 manu
847 3306 980 3383 utraque
1003 3308 1096 3384 parat
1117 3299 1248 3365 violenti
1270 3299 1412 3365 vulneris
1433 3299 1533 3366 ictus.

629 3402 775 3486 coniugis
797 3422 931 3469 excusso
954 3403 1113 3469 concussit
1134 3403 1251 3468 vertice
1274 3410 1397 3488 pectus.

629 3506 760 3592 cripitur
781 3513 856 3572 tunc
878 3507 937 3573 illa
958 3506 1073 3589 magis.
1119 3527 1194 3571 nam
1220 3506 1340 3592 praedo
1363 3507 1519 3591 superbus

629 3611 770 3676 crinibus
792 3611 984 3676 abstractam
1008 3610 1098 3675 siluis
1121 3610 1266 3695 rapiebat
1287 3611 1328 3676 ab
1351 3610 1442 3695 ipsis.

630 3714 677 3779 sic
700 3714 760 3780 sibi
781 3714 916 3797 quisque
938 3712 1052 3779 ridens
1073 3721 1265 3796 quassantes
1286 3720 1415 3800 pectora
1437 3733 1563 3778 somnos

632 3817 818 3896 horrebunt,
844 3816 947 3881 diram
969 3815 1143 3883 referentes
1165 3825 1256 3883 nocte
1277 3818 1427 3901 quietem.

632 3927 789 3985 terrentur
808 3918 905 4002 visis,
931 3919 1074 4002 gaudent
1095 3919 1153 3984 sed
1175 3919 1259 3985 falsa
1280 3919 1392 3985 iuuisse.

633 4022 765 4088 donavit
785 4022 911 4088 miseris
932 4021 1089 4087 modicum
1113 4041 1173 4087 sua
1194 4021 1314 4104 garudia
1335 4028 1472 4106 tempus.

839 4428 1000 4525 LIBER
1030 4425 1275 4527 TERTIVS.

720 4644 762 4708 At
784 4642 874 4709 durcis
896 4641 1006 4707 inuicti
1027 4642 1190 4708 iactabant
1212 4649 1340 4727 pectora
1361 4662 1473 4724 curae,

634 4747 853 4829 sollicitusque
876 4745 944 4811 suis
966 4746 1089 4810 nullum
1113 4766 1170 4830 per
1192 4747 1334 4811 membra
1356 4766 1503 4831 soporem

633 4848 767 4934 accipit,
794 4856 826 4915 et
847 4848 934 4913 dulci
955 4868 1018 4913 non
1041 4847 1196 4913 claudens
1219 4847 1341 4913 lumina
1363 4868 1472 4915 somno

634 4951 771 5038 pervigil
793 4951 826 5017 in
848 4951 963 5016 mediis
986 4949 1127 5035 disponit
1148 4951 1271 5016 lumina
1291 4951 1415 5018 castris.

526 5080 538 5115 :.
634 5054 880 5137 circumquaque
902 5055 1001 5119 duces
1023 5053 1182 5119 vallantes
1203 5044 1331 5136 agmine
1355 5053 1455 5122 denso

635 5158 801 5223 consilium
824 5157 943 5242 pariter
965 5157 1097 5221 summis
1120 5157 1161 5222 de
1183 5157 1279 5222 rebus
1301 5158 1480 5239 habebant,

319 5405 369 5454 455
388 5406 466 5453 mileu
489 5403 509 5450 Τ
620 5401 671 5452 456
689 5415 746 5450 mox
768 5402 796 5461 Y,
817 5403 864 5450 uix
884 5401 958 5451 Bas.
1071 5401 1117 5451 461
1139 5401 1233 5461 clipeos
1255 5400 1277 5448 Τ
1389 5401 1573 5452 4664414616
1676 5404 1726 5455 465
1743 5419 1818 5470 scope
1841 5409 1870 5474 T,

251 5500 336 5555 saepta
356 5491 491 5540 Mommsen
610 5489 661 5539 466
680 5491 702 5537 it
721 5488 833 5547 micum,
853 5493 879 5537 et
899 5487 920 5533 Τ
1041 5486 1091 5536 468
1109 5488 1160 5535 uiri
1178 5486 1290 5549 laeum,
1311 5491 1393 5537 uirum
1415 5488 1436 5536 T
1549 5489 1596 5539 4ῑὶ
1617 5494 1736 5541 munds
1753 5495 1830 5544 silius
1853 5497 1873 5544 d'

251 5579 301 5629 472
320 5581 368 5627 iam
388 5579 470 5625 saeuis
490 5576 574 5634 sem,
601 5577 649 5623 iam
668 5577 722 5623 suis
745 5573 773 5634 Τ,
799 5576 899 5636 iamque
918 5575 973 5623 snit
992 5572 1068 5624 Mum.
1191 5572 1554 5638 tutusquetutusque?
1674 5579 1724 5629 476
1742 5581 1872 5631 dextra?

251 5665 297 5715 481
320 5680 394 5713 uuarru
413 5663 472 5713 odd.
495 5662 572 5710 diuae.
678 5660 729 5709 486
748 5662 887 5709 inserentes
908 5660 929 5707 Τ
1031 5659 1080 5711 48ῖ
1100 5662 1230 5709 horrentur
1247 5662 1327 5710 atesis
1343 5661 1381 5709 vel
1398 5662 1477 5710 tussis
1499 5663 1520 5709 Y
1620 5661 1799 5717 isodomon
1820 5668 1841 5716 Τ

323 5750 334 5798 l
355 5751 476 5797 intrabunt
489 5754 587 5810 pectore
602 5746 622 5794 Τ
709 5746 725 5795 4
743 5748 839 5794 lumina
855 5746 883 5804 T,
902 5748 997 5808 proelis
1008 5745 1125 5795 deditum
1136 5746 1211 5795 ceu.
1302 5746 1317 5795 5
1335 5749 1527 5811 circumquaque
1541 5748 1630 5810 Most„
1648 5753 1838 5816 clrcumpcrque
1854 5754 1875 5803 t·

1627 5850 1668 5908 ,¹0
