4440 6276
1032 417 1178 471 COIlll'Pl

764 606 817 670 vix
841 626 880 670 ea
902 606 986 671 fatus
1010 615 1094 672 erat:
1122 606 1231 671 densis
1253 607 1417 671 Maurusia
1439 606 1542 689 signis

679 711 810 792 agmina
832 711 992 794 perlatos
1014 717 1167 794 rupemnt
1188 708 1326 791 undique
1350 731 1480 794 campus

679 812 799 876 auxilio
822 820 955 878 ventura
978 812 1078 877 ducis.
1125 820 1201 877 tunc
1223 813 1349 878 saevior
1369 833 1459 877 arma

677 915 829 999 corripuit
850 917 994 980 Romana
1017 934 1148 995 manus,
1175 915 1342 998 fossasque
1365 936 1422 999 per
1444 936 1554 981 omnes

678 1019 788 1083 i'errati
810 1019 948 1084 micuere
970 1019 1042 1083 viri.
1089 1039 1148 1083 nec
1170 1026 1277 1103 torpor
1298 1019 1432 1084 acerbas

677 1123 834 1205 percussit
856 1132 995 1200 mentes,
1021 1132 1077 1189 aut
1098 1125 1218 1189 densus
1239 1125 1350 1190 terruit
1371 1125 1483 1190 hostis.

676 1226 734 1290 hos
756 1234 863 1291 tamen
886 1236 1035 1312 aspectus
1057 1228 1175 1312 proprii
1196 1236 1358 1311 terrorque
1382 1229 1526 1311 magistri

677 1336 772 1411 atque
795 1348 928 1393 monens
951 1331 1077 1413 placido
1101 1331 1230 1415 sapiens
1255 1330 1441 1395 Recinarius
1464 1350 1517 1395 ore

549 1452 579 1487 ‘³
676 1439 825 1515 coeperat
846 1432 980 1497 attonita
1002 1435 1200 1515 restinguere
1222 1441 1327 1498 mente
1350 1433 1483 1498 furores.

676 1535 852 1618 deposuere
875 1534 990 1600 minas.
1036 1536 1135 1601 tristis
1158 1535 1295 1600 discedit
1316 1536 1444 1618 Erinys.

675 1637 833 1721 paenituit
854 1638 992 1702 furuisse
1015 1639 1109 1703 viros.
1158 1639 1353 1703 summittere
1377 1639 1460 1703 colla

675 1761 759 1805 nuno
781 1740 896 1805 humili
920 1762 990 1806 euru
1013 1762 1091 1807 voce
1114 1743 1240 1817 volunt,
1266 1762 1329 1807 non
1351 1742 1501 1823 gentihus
1524 1742 1604 1819 aeti,

675 1844 732 1909 sed
755 1865 859 1909 rerum
882 1865 1048 1909 memores.
1096 1845 1195 1910 morit
1217 1845 1383 1928 pietasque
1405 1844 1548 1927 fidesque

676 1947 826 2031 principis
849 1954 945 2030 atque
967 1955 1088 2028 metus,
1114 1948 1257 2030 gravitas
1279 1949 1442 2030 uirtusque
1465 1948 1621 2030 magistri.

675 2058 707 2115 et
729 2051 865 2135 placidis
887 2071 1040 2116 revocans
1063 2051 1251 2116 Recinarius
1273 2052 1403 2134 agmina
1424 2051 1531 2119 verbis

675 2153 831 2238 praecipit
852 2154 994 2218 alternas
1016 2154 1104 2219 acies
1126 2161 1233 2218 astare
1255 2174 1426 2238 parumper

675 2277 754 2340 pace
778 2257 837 2321 suh
859 2257 1007 2340 ancipiti,
1033 2257 1228 2338 mandatque
1250 2257 1331 2322 haec
1352 2259 1451 2322 verba
1472 2257 1605 2322 Latinis.

678 2359 833 2440 ‘cernite,
859 2366 935 2441 quot
956 2367 1070 2442 gentes
1093 2380 1196 2425 rerum
1218 2359 1274 2444 pia
1295 2360 1385 2425 iussa
1406 2367 1596 2443 sequautur,

675 2471 708 2528 et
729 2464 850 2546 pudeat
871 2463 1011 2529 voluisse
1032 2462 1138 2528 nefas.
1184 2463 1233 2526 sin
1256 2463 1336 2529 forte
1359 2463 1481 2548 paratis

674 2583 791 2648 aspera
813 2563 899 2628 bella
921 2563 1012 2646 sequi
1033 2571 1235 2645 mentemque
1257 2565 1391 2649 implere
1414 2565 1605 2648 malignam,

674 2666 782 2730 dicite.
829 2684 1035 2748 cognoscam,
1063 2686 1220 2748 quaenam
1243 2685 1393 2750 suprema
1414 2666 1562 2731 voluntas

674 2776 781 2834 vestra
803 2775 928 2848 manet,
955 2768 1057 2833 socios
1080 2769 1222 2851 salvem,
1248 2768 1423 2853 perdamne
1446 2769 1611 2834 rebelles'.

674 2892 734 2937 nec
756 2872 861 2937 minus
883 2878 919 2937 ut
940 2871 1061 2938 Caesar
1082 2871 1188 2937 medio
1209 2871 1414 2957 impendente
1435 2873 1572 2938 tumultu

675 2976 833 3041 Romanos
855 2974 959 3058 potuit
979 2975 1086 3041 verbis
1108 2982 1227 3041 terrere
1249 2976 1413 3060 superbis,

673 3079 801 3144 erubuit
822 3079 1003 3162 stupefacta
1024 3078 1183 3162 phalanx,
1210 3079 1402 3162 humilisque
1424 3079 1614 3161 magistrum

674 3181 720 3246 sic
741 3182 796 3265 pia
818 3201 894 3246 voce
917 3188 1020 3264 rogat.
1071 3184 1207 3265 ‘paucos
1230 3182 1318 3246 furor
1339 3182 1457 3264 impius
1479 3182 1547 3265 egit

674 3285 733 3349 hoe
755 3283 888 3349 sceleris
909 3291 1065 3369 temptare
1088 3304 1208 3367 genus,
1234 3305 1313 3367 quos
1335 3285 1420 3349 iusta
1442 3292 1593 3351 nocentes

674 3387 752 3452 ultio
774 3387 835 3452 rite
858 3394 974 3452 manet.
1022 3394 1129 3453 sontes
1153 3407 1211 3452 sua
1233 3409 1336 3472 poena
1359 3397 1519 3472 sequatur.

548 3513 577 3550 „a
672 3511 732 3556 nos
755 3490 893 3555 humiles
916 3490 1055 3556 ductoris
1077 3491 1147 3556 heri
1168 3500 1339 3575 praecepta
1361 3495 1555 3575 sequemur'.

672 3592 732 3659 has
753 3594 836 3659 inter
858 3614 952 3659 voces
974 3601 1120 3659 auctores
1143 3594 1284 3659 criminis
1306 3595 1416 3659 insons

672 3698 766 3762 turba
786 3695 901 3778 trahit,
927 3696 1114 3780 vinctosque
1138 3697 1211 3762 duci
1233 3718 1289 3780 pro
1312 3697 1442 3763 crimine
1464 3705 1552 3763 tanto

671 3799 818 3883 tradidit,
844 3806 877 3865 et
897 3800 1024 3884 culpam
1047 3800 1163 3865 devota
1185 3808 1290 3866 mente
1312 3801 1423 3884 piavit.

672 3904 757 3970 laeta
779 3903 870 3985 quies
893 3903 1031 3988 populis.
1077 3903 1208 3969 seelerie
1230 3904 1371 3969 uindicta
1392 3904 1523 3970 nefandi

673 4007 848 4091 composuit
869 4013 1004 4072 mentes.
1051 4006 1192 4072 ductoris
1214 4008 1316 4073 maior
1337 4008 1370 4073 in
1393 4027 1503 4072 ornnes

672 4109 747 4174 hinc
768 4116 880 4192 gentes
902 4116 1011 4174 terror.
1059 4108 1171 4176 sedato
1192 4110 1295 4176 milite
1318 4111 1422 4175 laetus

671 4213 850 4295 ingreditur
872 4212 986 4278 fossas.
1034 4212 1152 4277 devota
1173 4221 1279 4278 mente
1301 4213 1441 4279 fatentur

671 4334 756 4380 nunc
778 4314 897 4380 hilares
919 4315 996 4379 socii
1019 4314 1114 4380 dietis
1136 4335 1248 4399 parere
1271 4315 1419 4381 iubentia.

758 4418 846 4483 ilicet
866 4416 942 4482 inde
963 4418 1053 4483 iubet
1074 4438 1169 4483 rauco
1193 4418 1361 4483 stridentia
1384 4426 1477 4484 cantu

552 4544 576 4581 n
671 4543 750 4587 aem
771 4521 855 4586 ciere
877 4521 973 4586 acies.
1022 4521 1184 4586 commotis
1207 4522 1300 4586 litora
1322 4521 1425 4605 signis

672 4625 807 4707 deserit,
833 4631 866 4690 et
887 4623 1008 4708 campis
1032 4623 1139 4708 posuit
1161 4644 1220 4689 suu
1242 4631 1347 4689 castra
1369 4624 1508 4689 Catonis.

672 4728 816 4812 Syrticus
838 4735 872 4792 at
893 4734 1001 4811 raptor
1022 4727 1151 4792 munitis
1173 4734 1242 4793 tuta
1263 4729 1394 4793 tenebat

672 4840 777 4897 castra
798 4830 888 4896 locis.
934 4830 994 4896 sed
1015 4831 1096 4896 dura
1118 4831 1220 4896 fames
1242 4831 1306 4895 iam
1329 4837 1478 4915 coeperat
1499 4850 1591 4894 omne

671 4933 897 4999 Marmaridum
920 4935 1048 4999 turbare
1070 4954 1183 5017 genus.
1231 4934 1382 5018 pecuaria
1403 4940 1526 4998 tantum

672 5045 747 5102 sunt
768 5037 890 5121 epulis;
916 5058 990 5101 nam
1012 5037 1103 5101 nulla
1125 5038 1234 5102 Ceres.
1280 5037 1428 5120 cognovit
1449 5043 1485 5101 ut
1505 5036 1620 5119 ingens

671 5140 806 5205 Romani
828 5139 939 5205 ductor
960 5141 1087 5224 populi,
1113 5140 1302 5206 concludere
1325 5149 1438 5224 gentes

671 5243 836 5309 obsidione
859 5262 994 5327 paramo,
1022 5243 1116 5307 certis
1138 5251 1213 5307 tune
1236 5243 1329 5324 signa
1351 5243 1466 5308 diebus

671 5347 826 5413 abstinuit
847 5346 1002 5429 silvisque
1025 5346 1111 5411 acies
1134 5345 1272 5411 exclusit
1293 5344 1423 5428 iniquis.

379 5494 393 5499 -
406 5491 678 5499 -----------.--..-7
691 5491 696 5496 .

360 5558 403 5608 121
423 5558 536 5607 deueiT
642 5556 689 5604 130
708 5555 878 5617 fessasqneT
984 5553 1032 5602 135
1050 5554 1241 5614 restringereT
1347 5553 1394 5601 136
1413 5554 1565 5602 deseedltT
1671 5554 1715 5606 141
1737 5559 1878 5607 riclnnrlus
1894 5561 1917 5608 T

290 5646 336 5693 lah
355 5646 445 5692 deueta
466 5645 486 5690 'l'
613 5642 656 5690 llil
678 5643 736 5689 hinc
755 5644 848 5704 scripsi,
868 5641 900 5688 he
922 5640 951 5699 T,
973 5642 1000 5686 llt
1017 5639 1095 5687 illuns.
1221 5640 1306 5687 sedato
1325 5642 1418 5699 scripsi,
1440 5640 1483 5686 sed
1502 5654 1561 5687 neon
1583 5640 1613 5700 Τ,
1634 5640 1732 5700 quaudo
1750 5655 1807 5689 cnm
1828 5641 1913 5693 Mose.

289 5732 336 5780 llil
355 5731 478 5779 stridente
499 5730 520 5775 Τ
629 5727 675 5776 {ss
693 5742 791 5775 ‹rrnrrem
812 5727 833 5772 Τ
