4440 6276
428 418 543 484 XXVI
1135 416 1363 472 euoonurvrr.

431 640 548 726 proelii
570 639 656 725 apud
679 641 866 724 Procopium
891 639 1084 704 mentionem
1108 639 1227 704 frustra
1249 639 1459 720 quaesiveris.
1506 639 1639 722 Pugnae
1661 640 1837 722 Nisibensi,
1863 661 1928 723 qua
1950 662 1980 706 a.
2000 646 2059 705 641

432 758 566 824 inferior
587 758 741 823 Nabedes
763 758 931 840 discessit,
963 758 1148 823 interfuisse
1171 758 1346 823 Iohannem
1370 758 1543 841 Procopius
1566 777 1691 841 666666
1715 767 1887 843 memorat,
1920 761 2065 827 sednon

432 878 604 955 uictoriae,
638 878 735 942 immo
769 877 905 962 periculi
935 878 1062 960 magni,
1097 876 1183 958 6666
1204 877 1354 942 Belisarii
1376 877 1545 959 vigilantia
1575 885 1607 942 et
1628 879 1791 944 celeritate
1815 878 1985 963 depulsum
2009 879 2062 961 sit,

430 1005 593 1062 auctorem
622 997 826 1086 temerarium
856 995 1012 1079 facit¹²⁹).
1065 996 1202 1061 indutiis
1235 997 1318 1061 inter
1347 996 1559 1061 lustiuianum
1591 1005 1623 1062 et
1645 997 1818 1064 Chosroem
1841 1018 1873 1063 a.
1899 1002 1962 1063 546
1984 1018 2064 1083 pac·

430 1116 473 1181 tis
495 1136 615 1200 magna
637 1124 723 1181 certe
745 1136 821 1200 pars
842 1117 1011 1196 exercitus,
1038 1117 1092 1199 qui
1114 1117 1248 1181 limitem
1270 1115 1398 1199 imperii
1419 1116 1606 1180 orientalem
1629 1116 1828 1197 defenderat,
1852 1117 1887 1182 in
1901 1118 2063 1202 Europam

430 1236 573 1303 revertit.
621 1236 782 1300 Iohannes
810 1236 907 1300 etiam
938 1235 1048 1319 paullo
1071 1243 1143 1319 post
1164 1234 1470 1319 Constantinopolim
1493 1243 1659 1300 revocatus
1681 1243 1714 1301 et
1734 1235 1905 1301 Africanae
1927 1235 2064 1302 militiae

430 1354 616 1440 praefectus
646 1363 705 1420 est.
760 1356 841 1420 Cum
871 1361 979 1419 autem
1009 1374 1072 1418 non
1101 1363 1210 1420 vetere
1238 1354 1295 1419 illo
1325 1355 1465 1419 exercitu
1489 1353 1658 1435 Africano,
1692 1355 1783 1420 cuius
1812 1353 1871 1420 flos
1899 1374 1938 1421 ao
1966 1356 2064 1421 robur

430 1474 580 1540 cladibus
601 1473 701 1539 tantis
724 1475 876 1552 deletum,
904 1474 994 1538 cuius
1017 1472 1189 1557 disciplina
1212 1472 1381 1538 discordiis
1404 1473 1587 1553 ductorum,
1615 1473 1834 1555 seditionibus,
1859 1475 1970 1559 inopia
1991 1494 2065 1540 our·

430 1602 526 1678 rapta
548 1600 635 1675 erat,
667 1593 778 1659 Africa
799 1593 841 1657 ab
868 1592 1012 1657 hostibus
1043 1612 1174 1657 numero
1203 1593 1439 1677 superioribus,
1473 1592 1624 1657 victoriae
1654 1593 1757 1675 gloria
1786 1592 1904 1658 inflatis
1932 1593 2063 1658 liberari

430 1720 551 1796 posset,
578 1713 777 1777 lastinianus
799 1712 974 1777 exercitum
997 1732 1113 1777 novum
1137 1712 1284 1794 collegit,
1310 1712 1365 1794 661
1388 1713 1493 1776 616666
1515 1732 1634 1794 magna
1656 1731 1726 1777 cum
1749 1713 1903 1796 magistro
1924 1712 2062 1777 militum

431 1831 662 1914 Carthaginem
685 1831 930 1911 vehereturii‘l.
977 1832 1136 1915 Prospera
1165 1831 1371 1913 navigatione
1402 1851 1460 1895 usa
1483 1831 1597 1896 classis
1620 1831 1752 1896 Siciliae
1774 1832 1807 1896 in
1828 1839 1953 1915 portum
1976 1831 2064 1897 Cau-

430 1971 513 2016 cana
543 1950 768 2036 perventus),
801 1949 877 2014 inde
905 1949 939 2014 in
968 1949 1108 2015 Africam
1137 1950 1262 2016 traiecit
1290 1950 1443 2032 brevique
1471 1957 1663 2034 tempestate
1692 1951 1803 2015 territa
1832 1951 1936 2033 magis
1964 1970 2061 2033 quam

430 2070 553 2137 afflicta
574 2069 712 2155 primum
735 2068 778 2134 ad
801 2069 933 2152 Byzaeii
955 2070 1201 2152 promontorium
1225 2069 1330 2153 Caput
1351 2069 1445 2134 Vada
1473 2076 1564 2149 {nunc
1579 2070 1644 2134 Rus
1660 2070 1838 2154 Kapudia},
1863 2070 1968 2135 triduo
1989 2077 2064 2154 post

432 2188 661 2273 Carthaginem
684 2206 785 2254 naves
807 2188 934 2272 appulit
961 2198 1063 2269 anno,
1090 2198 1124 2253 ut
1147 2188 1283 2267 videtur,
1310 2193 1372 2251 546
1395 2192 1541 2269 exeunte]
1558 2191 1623 2269 ¹³²).

518 2309 713 2374 Esoensione
744 2306 831 2372 facta
860 2328 955 2390 quam
986 2308 1088 2392 potuit
1117 2308 1281 2372 celerrime
1312 2307 1420 2391 copias
1449 2328 1560 2372 omnes
1583 2308 1743 2373 lohannes
1773 2309 1850 2374 urbe
1872 2308 1984 2374 eduxit
1994 2312 2058 2394 ¹³³).

431 2429 505 2493 Non
527 2448 680 2512 magnum
703 2427 803 2492 fuisso
827 2427 1000 2491 exercitum
1024 2446 1216 2509 quamquam
1241 2427 1384 2510 pluribus
1406 2427 1485 2492 locis
1508 2428 1924 2513 (16616666666616166131),
1953 2436 2062 2494 tarnen

427 2549 566 2613 militum
596 2566 763 2612 numerum
792 2553 940 2610 accurate
968 2565 1126 2627 nusquam
1156 2546 1288 2611 indicat.
1338 2546 1450 2611 Partes
1479 2553 1601 2612 tantum
1632 2548 1790 2613 exercitus
1821 2555 1898 2630 quot
1927 2547 2055 2628 fuerint,

429 2675 544 2753 pottae
567 2666 674 2731 verbis
696 2666 878 2745 edocemur,
905 2664 959 2729 ubi
982 2665 1100 2730 milites
1123 2686 1162 2729 ex
1186 2665 1263 2729 urhe
1286 2665 1380 2747 signa
1403 2666 1571 2731 efferentes
1594 2666 1748 2750 depingit,
1775 2686 1870 2732 versu
1892 2667 1908 2730 Ι
1932 2671 1994 2731 426

836 2785 964 2869 iamque
986 2804 1100 2849 novem
1124 2785 1197 2849 latis
1220 2791 1389 2867 erumpunt
1411 2784 1540 2866 agmina
1562 2785 1673 2869 portis.

429 2907 569 2991 Egregie
603 2925 675 2970 curn
708 2904 770 2970 hoc
802 2905 872 2969 loco
906 2905 978 2970 libri
1011 2904 1116 2985 quarti
1149 2922 1262 2968 versus
1294 2903 1338 2965 ll'
1372 2905 1554 2967 tit—563
1589 2905 1800 2986 conveniunt,
1845 2906 1962 2987 quibus
1993 2906 2060 2970 Ro·

427 3047 594 3092 manorum
628 3025 715 3090 aciae
749 3024 904 3089 instructa
937 3024 982 3088 ita
1015 3023 1223 3103 describitur,
1261 3030 1296 3088 ut
1323 3043 1449 3103 eorum,
1491 3023 1544 3106 qui
1577 3023 1714 3108 singulis
1746 3024 1930 3107 agminibus
1963 3044 2059 3110 prae·

427 3146 565 3225 fuerint,
602 3145 733 3209 nomina
765 3149 989 3208 memorentur.
1036 3142 1071 3207 Si
1098 3142 1280 3206 Maurorum
1313 3141 1547 3206 foederatorum
1577 3142 1717 3208 Cusinac
1750 3152 1784 3209 et
1814 3142 1968 3210 Ifisdaiae
2000 3163 2059 3209 no·

427 3265 516 3329 mina
549 3263 743 3344 sectaveris,
784 3269 956 3346 supersunt
989 3281 1117 3326 novem:
1162 3260 1298 3325 Gentius
1336 3261 1488 3344 magister
1520 3261 1674 3344 militum,
1714 3263 1938 3345 Putzintnlus,
1973 3263 2057 3329 Gre-

427 3383 556 3466 gorius,
590 3382 763 3460 Geisirith‚
794 3381 967 3445 liarturius
989 3380 1153 3451 tribunus,
1186 3380 1346 3445 lohannes
1368 3380 1492 3462 senior,
1525 3381 1727 3462 Fronimuth,
1754 3382 1965 3464 Marcentius,
1992 3384 2058 3449 Ta·

427 3501 521 3566 rasis.
569 3499 643 3564 Non
666 3500 829 3565 nominum
851 3519 871 3563 a
893 3506 987 3583 pocta
1010 3497 1152 3563 fictorum
1176 3499 1305 3563 umbras
1328 3499 1457 3581 inanes,
1492 3501 1550 3566 sed
1572 3520 1665 3566 veras
1693 3501 1827 3583 ducum,
1861 3501 1915 3583 qui
1937 3501 2056 3567 bollum

427 3619 604 3685 Mauricum
627 3626 814 3702 gesserunt,
848 3637 1001 3703 personas
1028 3638 1049 3682 a
1077 3624 1171 3702 potita
1198 3617 1306 3682 induci
1338 3638 1398 3701 ego
1427 3637 1615 3702 persuasum
1642 3619 1757 3685 habeo.
1806 3621 1953 3686 Ceterum
1977 3620 2058 3686 666·

519 3962 575 4024 129)
597 3963 665 4012 Proe.
686 3965 710 4013 b.
731 3963 799 4014 Pers.
820 3963 844 4009 ll
866 3961 906 4011 11.
929 3959 969 4012 18.

518 4064 575 4126 13161
598 4065 651 4115 Cor.
672 4065 726 4116 166.
747 4066 758 4112 1
779 4062 826 4113 125
844 4065 969 4126 principis
987 4064 1102 4124 imperiis
1121 4070 1257 4113 onerantur
1275 4065 1357 4111 milite
1374 4077 1485 4126 puppes,

842 4150 966 4209 impensis
985 4150 1109 4209 armisque
1128 4149 1218 4208 slmul;
1241 4163 1388 4211 pugnasque
1406 4149 1532 4199 docendus

843 4234 955 4281 mittitur
972 4234 1093 4293 auspiciis
1112 4233 1255 4281 domiturus
1274 4233 1340 4281 bella
1359 4235 1472 4292 magistri

842 4321 891 4368 tiro
908 4319 978 4367 rudis
997 4319 1090 4379 magni.

519 4418 575 4482 rar)
598 4420 653 4472 cor.
673 4421 727 4470 ror.
747 4421 759 4469 r
779 4419 925 4471 ruo-rar.

514 4521 576 4583 ⁴132}
597 4521 652 4572 Cor.
672 4523 726 4574 loh.
745 4523 757 4570 l
776 4521 836 4572 369.
856 4523 917 4577 116.
954 4523 1092 4585 Temporis,
1112 4535 1161 4583 666
1179 4520 1304 4570 16666666
1322 4523 1349 4570 16
1367 4523 1480 4570 Africam
1499 4523 1579 4581 66616,
1600 4523 2056 4572 16616166166661666[6161616666

428 4608 457 4656 16
475 4609 592 4656 versibus
609 4608 662 4656 166.
684 4608 721 4656 111
740 4606 855 4668 23-27,
883 4609 978 4671 661666
996 4609 1119 4657 16666666
1143 4609 1261 4667 magister
1286 4607 1419 4657 6666633
1445 4609 1538 4655 minore
1561 4622 1619 4656 curn
1644 4608 1734 4656 sudore
1753 4615 1778 4656 66
1796 4609 1905 4669 periculo
1923 4611 1952 4658 iu
1970 4609 2056 4659 Airita

427 4695 551 4743 bellatum
576 4706 631 4741 esse
653 4694 774 4753 affirmat,
801 4708 952 4756 quamquam
970 4701 1032 4743 6666
1050 4695 1111 4741 6661
1130 4701 1242 4755 tempore
1260 4692 1378 4741 calidiore
1398 4694 1538 4741 autumnali
1556 4706 1613 4741 curn
1630 4693 1747 4742 hostibus
1765 4695 1949 4754 confligendum
1967 4695 2053 4743 inerit.

429 4779 493 4828 indo
516 4780 616 4827 elucere
640 4777 702 4826 milri
726 4778 824 4826 videtur
847 4780 954 4841 primaru
972 4779 1093 4827 16666616
1110 4792 1235 4841 pugnam,
1264 4779 1338 4826 cuius
1358 4784 1468 4840 tempore
1486 4780 1632 4837 magistrum
1651 4779 1713 4828 6666
1731 4780 1803 4827 66666
1820 4780 1965 4842 loquentem
1983 4781 2056 4842 poor·

429 4865 497 4926 16616,
519 4864 579 4911 6661
596 4868 706 4925 tempore
725 4864 861 4924 frigidiore,
882 4864 967 4913 hieme
986 4863 1062 4928 bibli
1082 4865 1237 4913 commissam
1256 4877 1320 4912 esse.

520 4964 576 5029 133)
597 4966 667 5013 Prot.
682 4966 707 5014 b.
722 4964 889 5016 1166611128
908 4963 982 5023 οὗτος
1001 4963 1015 5016 ὁ
1032 4961 1152 5032 Ἰωάννης
1171 4962 1225 5015 ἐπεὶ
1242 4961 1350 5034 τάχιστα
1368 4961 1395 5014 is
1415 4960 1497 5032 Λιβύῃ
1516 4960 1626 5033 1666666,
1647 4960 1758 5032 'Antulla
1774 4981 1801 5016 rs
1818 4966 1862 5016 661
1880 4959 2054 5034 Μαυρουσίοις

428 5053 484 5109 τοῖς
503 5048 529 5102 to
548 5045 669 5116 Budaslqr
687 5047 714 5107 it
731 5053 822 5120 χεῖρας
840 5048 934 5103 tutuo.

594 5136 648 5186 Gor.
670 5136 722 5186 166.
744 5136 754 5182 1
773 5135 822 5184 411
841 5138 914 5185 litora
931 5138 976 5184 vix
993 5137 1083 5199 primis
1102 5137 1180 5195 figens
1199 5135 1305 5195 vestigia
1321 5135 1417 5195 pianda

841 5223 993 5283 contigerat:
1015 5221 1111 5284 eampis
1130 5222 1195 5269 acies
1214 5221 1285 5269 exire
1302 5221 1417 5269 lubebat.

518 5323 576 5385 1341
596 5325 652 5375 Cer.
672 5324 726 5374 166.
746 5324 755 5370 1
775 5321 824 5372 482
1203 5329 1232 5371 66
1250 5324 1331 5371 milita
1350 5335 1438 5383 parvo,

841 5409 892 5458 iam
909 5409 1035 5470 periture,
1056 5408 1219 5457 messender
1238 5408 1278 5456 661
1296 5420 1398 5457 cernere
1417 5409 1529 5456 turmas?

620 5527 621 5531 ,
722 5491 757 5540 IV
776 5490 825 5541 316
843 5505 905 5554 quas
923 5489 987 5559 [6611.
1008 5489 1107 5559 gentes]
1126 5499 1210 5545 166666
1229 5507 1285 5542 6666
1303 5500 1374 5556 parat
1392 5493 1480 5541 ductor
1498 5499 1619 5555 temptare
1638 5494 1760 5541 16666666

841 5577 924 5626 milite
942 5591 998 5626 cnm
1015 5591 1100 5639 parvo.
1130 5579 1133 5581 “
1278 5632 1279 5636 Ἰ
1494 5593 1496 5596 ’

722 5662 757 5708 lV
776 5661 823 5710 661
845 5663 1000 5712 milliacum
1018 5677 1094 5725 parvo
1112 5667 1217 5712 6661666
1235 5668 1305 5711 66666
1322 5675 1380 5710 6666
1398 5661 1533 5711 lohannes.
