4440 6276
997 359 1224 415 PROOEMIVM.

450 578 517 655 τούς
539 576 661 667 ἥκουσι,
696 579 748 664 τὴν
772 581 805 645 δέ
828 577 947 668 εἰρήνην
972 578 1061 654 ἀξιῶν
1085 585 1115 648 ἐν
1140 583 1223 670 σφίσι
1244 581 1466 671 κρατύνασθαι,
1501 581 1606 672 όρκους
1636 611 1667 651 τε
1690 582 1832 670 ὀμεῖσθαι
1854 582 1923 659 τοῦς

451 698 636 774 δεινοτάτους
660 696 821 787 ὑπέσχετο,
855 692 874 786 ᾖ
906 698 963 785 μην
995 698 1143 786 ἀμνηστία
1172 709 1230 767 των
1259 707 1473 791 πεπραγμένων
1503 707 1534 778 ἐς
1564 701 1672 778 αύτούς
1696 701 1920 793 χρησασθαιί).

448 819 643 909 χλευάζοντες
666 822 699 886 δέ
722 814 927 907 τάείρημένα
949 824 977 885 οἱ
1004 817 1152 909 βάρβαροι
1174 819 1291 896 πάντως
1315 821 1402 890 αὐτὸν
1426 822 1568 909 ὀμεῖσθαι
1589 823 1626 890 τά
1648 825 1839 913 Χριστιανῶν
1867 822 1922 890 λό-

450 967 501 1028 για
523 942 650 1028 ἔφασαν,
679 936 753 1026 άπερ
777 944 879 1006 καλεῖν
902 938 1065 1028 εὐαγγέλια
1087 943 1285 1027 νενομίκασιν.
1326 942 1432 1009 οὐκοῦν
1456 943 1559 1029 ἐπειδὴ
1584 945 1706 1032 Σέργιος
1728 952 1822 1012 ταῦτα
1845 942 1921 1029 ἀμό-

451 1087 505 1135 σας
528 1060 592 1126 εἶτα
615 1059 682 1134 τούς
704 1058 918 1133 πιστεύσαντας
941 1061 1070 1142 ἔκτεινε,
1104 1063 1294 1148 βουλομένοις
1326 1063 1423 1150 σφίσιν
1454 1059 1554 1138 αὐτοῖς
1584 1063 1630 1150 εἴη
1663 1068 1694 1138 ἐς
1718 1062 1819 1153 μάχην
1844 1069 1922 1130 ίοῦσι

448 1179 559 1248 τούτων
583 1179 620 1265 δη
643 1186 701 1245 τῶν
725 1183 833 1266 λογίων
858 1178 1171 1267 ἀποπειράσασίλαιῧγ,
1205 1179 1310 1247 ὁποίαν
1340 1180 1406 1248 τινά
1431 1181 1504 1269 πρὸς
1526 1182 1592 1257 τούς
1616 1181 1773 1272 ἐπιόρκους
1796 1181 1921 1269 δύναμιν

448 1303 581 1390 ἔχουσιν,
607 1295 688 1372 όπως
711 1299 809 1373 αύτοῖς
833 1297 1013 1387 βεβαιότατα
1035 1298 1243 1374 πιστεύσαντες
1266 1296 1343 1367 οὕτω
1360 1300 1396 1387 δη
1413 1300 1460 1367 ἐπὶ
1474 1300 1526 1377 τὰς
1542 1300 1689 1389 ξυνάηκας
1704 1306 1917 1369 καθιστῶνται.

448 1429 543 1489 ταῦτα
566 1421 706 1505 Σολομῶν
731 1417 861 1493 ἀκούσας
885 1420 921 1485 τὰ
944 1424 974 1493 ἐς
996 1417 1049 1506 την
1074 1419 1221 1508 ξυμβολὴν
1245 1419 1411 1509 ἐξηρτύετο.

535 1546 571 1627 τη
599 1541 632 1606 δέ
661 1537 803 1626 ὑστεραία
833 1543 923 1627 μοίρᾳ
951 1541 1007 1605 τινὶ
1029 1533 1087 1605 τῶν
1110 1543 1260 1626 πολεμίων
1284 1542 1366 1607 λείαν
1390 1537 1436 1606 ότι
1457 1544 1596 1628 πλείστην
1620 1540 1734 1630 ἀγούση
1759 1540 1919 1630 ξυμβαλὼν

449 1664 499 1728 καί
529 1659 612 1748 μάχη
645 1657 768 1747 νικήσας
799 1656 920 1746 ἀφελών
943 1685 974 1725 τε
996 1658 1049 1746 την
1073 1662 1155 1726 λείαν
1179 1659 1329 1748 ἐφύλασσε
1352 1665 1462 1728 πᾶσαν.
1510 1667 1766 1749 δυσανασχετοῦσι
1796 1663 1829 1729 δέ
1858 1667 1920 1735 τοῖς

449 1780 642 1868 στρατιώταις
665 1778 715 1844 καὶ
739 1777 821 1845 δεινὰ
842 1781 1047 1864 ποιουμένοις,
1081 1776 1126 1845 ότι
1157 1778 1193 1867 δη
1224 1779 1324 1855 αὐτοῖς
1354 1780 1408 1848 οῦκ
1438 1783 1538 1847 ἐδίδου
1560 1779 1598 1848 τά
1620 1779 1754 1870 λάφυρα,
1788 1783 1918 1870 ἔφασκεν

449 1902 606 1987 ἀναμένειν
629 1897 735 1966 τὸτοῦ
757 1901 891 1984 πολέμου
913 1902 1022 1986 πέρας,
1049 1894 1130 1974 όπως
1152 1898 1189 1985 δη
1214 1895 1330 1966 ἅπαντα
1352 1909 1516 1987 τηνικαῦτα
1538 1904 1755 1987 διανέμωνται,
1782 1898 1920 1988 καθάπερ

448 2020 484 2089 ἂν
507 2024 538 2095 ἐς
560 2018 613 2106 την
638 2018 719 2092 ἀξίαν
742 2017 904 2107 ἐπιβάλλον
927 2023 1044 2108 ἐκαστῷ
1068 2023 1221 2107 φαίνηται.
1269 2023 1332 2086 ἐπεί
1362 2021 1395 2086 δὲ
1425 2014 1512 2095 αύίλις
1540 2025 1568 2086 οἱ
1600 2020 1750 2120 βάρβαροι
1776 2019 1857 2108 πάση
1881 2027 1918 2108 τῇ

448 2147 572 2230 στρατιᾷ
594 2144 624 2214 ἐς
647 2136 794 2226 ξυμβολὴν
818 2134 966 2226 ὥρμηντο,
992 2143 1123 2206 ἐνταῦθα
1141 2138 1307 2225 Ῥωμαίων
1331 2144 1362 2206 τέ
1386 2167 1461 2214 τινες
1486 2138 1662 2208 ἀπελίποντο
1672 2146 1692 2225 ⁶)
1721 2141 1771 2207 καί
1787 2145 1814 2207 οί
1832 2136 1920 2208 ἀλλοι

447 2262 482 2330 οό
506 2260 552 2336 ξῦν
575 2262 729 2348 προδυμίφ
752 2262 783 2332 ἐς
806 2256 858 2345 τὴν
881 2257 1044 2348 παράταξιν
1067 2254 1171 2346 ᾔεσαν.
1219 2260 1301 2346 καίί)
1334 2266 1437 2348 πρῶτα
1464 2262 1517 2346 μέν
1528 2265 1547 2344 ⁸)
1584 2259 1764 2350 ἀγχώμαλος
1787 2258 1920 2350 ἐγεγόνει

446 2383 466 2469 ἡ
491 2380 590 2470 μάχη,
626 2376 746 2466 όστερον
777 2380 809 2444 δὲ
838 2376 949 2466 πληίλει
971 2384 1074 2467 πολλῷ
1097 2377 1363 2468 ὑπερβαλλομένων
1386 2388 1445 2445 τῶν
1470 2380 1690 2469 Μαυρουσίων,
1718 2381 1883 2467 Ῥωμαίων
1894 2385 1914 2465 ¹³)

449 2505 501 2590 μέν
525 2505 552 2567 οί
575 2500 679 2566 πολλοὶ
701 2500 845 2586 ἔφευγον,
879 2501 1019 2586 Σολομῶν
1050 2501 1082 2565 δέ
1112 2502 1162 2566 καί
1190 2499 1267 2588 ἀμφ’
1297 2497 1385 2566 αὐτόν
1409 2526 1484 2575 τινες
1507 2498 1614 2589 χρόνον
1639 2504 1691 2587 μέν
1715 2528 1780 2568 τινα
1804 2499 1917 2588 βαλλό-

448 2650 532 2710 μενοι
554 2620 708 2708 ἀντεῖχον,
741 2615 861 2706 ὕστερον
893 2620 926 2685 δέ
956 2618 1216 2707 ύπερβιαζομένων
1247 2627 1305 2685 τῶν
1334 2623 1484 2706 πολεμίων
1516 2625 1631 2708 σπουδῇ
1653 2623 1799 2710 ἔφευγον,
1832 2623 1864 2695 ἔς
1887 2648 1919 2687 τε

448 2742 684 2832 ρύακος,ἐκείνη
716 2742 833 2826 ῥέοντος
861 2736 1017 2826 χαράδραν
1048 2738 1199 2826 ἀφίκοντο.
1247 2742 1323 2806 ἔνίλα
1352 2738 1388 2825 δη
1412 2738 1594 2815 όκλάσαντος
1618 2745 1645 2806 οἱ
1667 2749 1720 2807 τοῦ
1741 2742 1833 2807 ἵππου
1857 2742 1917 2807 Σο-

447 2871 548 2950 λομῶν
572 2863 702 2929 ἐκπίπτει
726 2865 755 2934 ἐς
778 2861 906 2947 ἔδαφος,
940 2859 991 2925 καὶ
1014 2858 1103 2926 αὑτὸν
1126 2859 1203 2926 κατά
1225 2857 1316 2946 τάχος
1339 2861 1442 2947 χερσίν
1455 2866 1487 2945 ¹⁰]
1523 2865 1550 2926 οί
1581 2860 1741 2950 δορυφόροι
1771 2859 1918 2949 ἀράμενοι

449 2985 497 3053 ἐπί
519 2989 571 3049 τοῦ
592 2982 683 3048 ἵππου
706 2981 872 3053 καθίζουσι.
920 2978 1102 3068 περιώδυνον
1127 2981 1158 3045 δέ
1181 2977 1323 3067 γεγονότα
1347 2981 1396 3046 καί
1421 2977 1610 3064 ἀδύνατονίί)
1643 2983 1687 3047 ἐτι
1715 2986 1767 3048 τοῦ
1791 2985 1917 3068 χαλινοῦ

448 3106 576 3193 ἔχεσθαι
602 3097 822 3188 καταλαβόντες
852 3103 879 3165 οί
912 3097 1060 3187 βάρβαροι
1089 3098 1177 3167 αύτόν
1200 3127 1232 3166 τε
1254 3102 1399 3167 κτείνουσι
1422 3101 1472 3166 καί
1495 3106 1553 3167 τών
1578 3099 1750 3190 δορυφόρων
1773 3100 1913 3176 πολλούς.

449 3221 524 3310 αῦτη
547 3250 579 3289 τε
601 3229 653 3287 τοῦ
677 3223 744 3309 βίου
764 3219 887 3305 τελευτὴ
911 3221 1066 3306 Σολομῶνι
1087 3223 1212 3307 ἐγένετο,

295 3375 325 3438 p.
352 3354 415 3415 506
534 3348 586 3409 22.
618 3338 848 3426 τελευτησαντος
871 3341 904 3405 δέ
927 3341 1121 3424 Σολομῶνος,
1155 3341 1277 3428 Σέργιος
1305 3339 1411 3422 αὐτοῦ,
1444 3333 1543 3428 ὥσπερ
1571 3340 1702 3429 εἴρηται,
1737 3339 1916 3430 ἀδελφιδοῦς

449 3461 499 3546 ών,
526 3460 628 3535 δόντος
652 3463 809 3549 βασιλέως,
834 3463 990 3548 παρέλαβε
1013 3460 1065 3545 την
1083 3458 1194 3547 Λιβύης
1218 3458 1328 3548 ἀρχήν.
1365 3455 1400 3534 ῦς
1424 3460 1460 3546 δὴ
1484 3464 1600 3548 φίλορᾶς
1615 3467 1729 3548 πολλῆς
1745 3459 1917 3537 αἰτιώτατος

448 3591 492 3672 τῷ
515 3579 631 3670 Λιβύων
654 3582 733 3666 γένει
756 3583 884 3666 ἐγένετο,
911 3577 1038 3654 ἅπαντές
1061 3607 1092 3646 τε
1116 3578 1208 3647 αύτοῦ
1231 3589 1266 3667 τῇ
1291 3580 1372 3669 ἀρχῇ
1394 3575 1537 3668 ἤχθοντο.
1563 3620 1605 3629 -
1628 3579 1756 3666 μάλιστα
1780 3584 1813 3648 δέ
1835 3580 1917 3649 πάν-

449 3729 506 3771 των
529 3700 544 3768 ό
570 3698 753 3766 Σισιννιόλου
772 3696 915 3785 Ἰωάννης
937 3726 974 3787 τη
998 3702 1123 3788 Σεργίου
1145 3699 1271 3786 δυνάμει
1292 3707 1434 3789 χαλεπῶς
1463 3701 1540 3789 εἶχε.
1588 3699 1702 3788 ἀγαθὸς
1731 3701 1789 3789 γάρ
1818 3698 1856 3768 ὢν
1879 3702 1917 3769 τά

448 3826 578 3909 πολέμια
600 3823 650 3887 καί
673 3817 875 3908 διαφερόντως
897 3817 1069 3904 εὐδόκιμος,
1104 3819 1268 3908 ἀχαρίστου
1294 3827 1345 3886 τοῦ
1368 3819 1528 3908 ἀνθρώπου
1552 3820 1684 3909 ἀτεχνῶς
1705 3823 1822 3910 ἔτυχεν.
1870 3822 1917 3889 διδ

448 3944 486 4031 δέ,
523 3937 590 4009 οότε
628 3936 713 4014 ούτος
749 3933 817 4008 ούτε
852 3933 942 4013 ἀλλος
972 3946 1026 4004 τῶν
1056 3937 1174 4006 πάντων
1205 3938 1301 4015 ούδείς
1331 3937 1409 4007 ὅπλα
1439 3940 1587 4029 ἀνταίρειν
1617 3947 1677 4016 τοῖς
1690 3946 1723 4028 ¹²)
1762 3945 1916 4029 πολεμίοις

447 4062 649 4153 ἠβούλετοίί).
690 4068 733 4148 τῷ
747 4087 779 4126 τε
797 4057 923 4145 Ἀντάλορ
945 4060 1020 4125 οἵτε
1036 4057 1225 4147 Μαυρούσιοι
1248 4058 1355 4148 σχεδόν
1377 4088 1406 4126 τι
1427 4056 1555 4136 ἀπαντες
1577 4062 1694 4128 εἵποντο
1716 4064 1767 4128 καί
1788 4059 1916 4136 Στότζας

448 4191 482 4253 ἐκ
506 4184 711 4270 Μαυριτανίας
740 4178 945 4265 μετάπεμπτος
972 4173 1076 4266 ἦλθεν.
1123 4182 1187 4246 ἐπεί
1215 4207 1247 4247 τε
1275 4179 1372 4255 οὐδεὶς
1403 4183 1500 4269 σφίσιν
1530 4180 1647 4269 ἐπεξῄει
1668 4188 1727 4248 τῶν
1750 4185 1912 4267 πολεμίων,

448 4298 520 4392 ἦγόν
544 4329 575 4369 τε
597 4304 648 4368 καί
670 4301 778 4388 ἔφερον
801 4297 972 4385 ληϊζόμενοι
995 4299 1089 4375 ἀδειῦς
1112 4296 1239 4367 ἅπαντα.
1264 4339 1307 4348 -

293 4456 326 4519 p.
352 4433 413 4495 509
534 4429 586 4490 23.
608 4419 746 4494 Ἀντάλας
769 4421 802 4485 δέ
825 4419 877 4486 καί
898 4418 914 4485 δ
938 4426 995 4484 τῶν
1019 4420 1220 4508 Μαυρουσίων
1244 4420 1367 4507 στρατὸς
1389 4425 1575 4509 ξυνελέγοντο
1599 4416 1686 4496 αύίίις
1708 4425 1739 4487 ἐν
1758 4421 1912 4509 Βυζακίιρ,

447 4546 499 4612 καὶ
523 4541 622 4617 αὐτοῖς
638 4540 768 4615 Στότζας
791 4545 887 4626 ξυνῆν,
914 4537 1093 4627 στρατιώτας
1115 4566 1147 4607 τε
1169 4538 1285 4627 ὀλίγους
1302 4540 1383 4615 τινάς
1398 4544 1449 4607 καί
1467 4542 1630 4616 Βανδίλους
1645 4543 1737 4630 ἔχων.
1774 4539 1914 4630 Ἰωάννης

447 4667 480 4731 δέ
503 4662 519 4730 ό
542 4659 741 4741 Σισιννιόλοο,
767 4658 866 4727 πολλά
889 4658 1091 4747 λιπαρούντων
1108 4659 1238 4748 ιλιβόων,
1266 4659 1433 4748 στράτευμα
1457 4660 1579 4747 ἀγείρας
1601 4660 1648 4726 ἐπ’
1677 4659 1784 4735 αύτούς
1806 4656 1912 4748 ἧλδεν.
1962 4716 1966 4727 .

448 4782 591 4872 ἐτύγχανε
614 4783 647 4849 δὲ
664 4780 792 4870 Ἱμέριος
815 4778 894 4868 Θρᾲξ
916 4788 970 4846 τῶν
993 4784 1024 4846 ἐν
1049 4779 1188 4868 Βυζακίῳ
1211 4779 1386 4866 καταλόγων
1410 4775 1531 4868 ἀρχων,
1563 4775 1598 4846 δν
1623 4779 1659 4867 δὴ
1683 4779 1749 4848 τότε
1767 4780 1914 4870 Ἰωάννης

448 4907 568 4973 ἐκέλευε
597 4900 708 4976 πάντας
734 4899 917 4988 ἐπαγόμενον
946 4899 1013 4975 τούς
1042 4898 1134 4988 ταύτρ
1158 4899 1341 4988 καταλόγους
1365 4899 1413 4972 ξύν
1436 4905 1497 4975 τοῖς
1520 4899 1637 4989 ἑκάστῳ
1659 4898 1837 4989 ἡγουμένοις
1860 4906 1912 4968 ἐλ-

446 5024 539 5094 θόντα
568 5026 599 5097 ἐς
628 5023 740 5111 χωρίον
765 5022 992 5110 Μενεφέσηίί),
1024 5016 1040 5088 ό
1069 5025 1146 5089 ἐστιν
1177 5025 1208 5088 ἐν
1233 5022 1387 5109 Βυζακίῳ,
1423 5024 1506 5110 σφίσι
1534 5025 1683 5106 ξυμμῖξαι.
1731 5015 1850 5110 ύστερον
1881 5023 1914 5089 δὲ

445 5144 576 5218 ἀκούσας
599 5146 731 5209 ἐνταῦθα
752 5145 1042 5230 ἐστρατοπεδεῦσίλαι
1064 5141 1131 5217 τούς
1153 5144 1320 5229 πολεμίους,
1341 5139 1461 5231 Ἱμερίῳ
1483 5143 1597 5230 ἔγραφε
1619 5139 1655 5208 τά
1677 5167 1709 5209 τε
1731 5141 1915 5228 ξυμπεσόντα

321 5357 380 5365 2⁴...-
391 5355 419 5361 .-

374 5481 398 5541 4)
419 5481 454 5527 al.
474 5471 623 5548 γρήσεσδαι.
765 5475 788 5533 5)
809 5476 842 5522 αἱ.
864 5469 1056 5541 ἀποπειρᾶσθαι.
1204 5472 1227 5533 6)
1249 5475 1282 5521 αἱ.
1303 5469 1478 5522 ἀπελείποντο.
1621 5473 1644 5532 ἵ)
1665 5474 1698 5522 al.
1719 5471 1763 5523 καὶ
1780 5436 1909 5522 οιηίιίίιυν.

289 5568 313 5629 8)
333 5572 387 5630 μανι
405 5563 451 5632 μὲν
470 5564 505 5611 al.
526 5557 570 5612 οῦν
589 5561 697 5608 additur.
833 5558 856 5620 9)
878 5561 911 5607 al.
934 5556 1051 5626 βωμοῖοι.
1190 5558 1229 5618 10)
1250 5561 1285 5607 al.
1304 5561 1361 5614 ταῖς
1379 5556 1472 5626 χερσὶν.
1616 5557 1655 5620 ll)
1676 5560 1709 5607 al.
1729 5555 1909 5610 ἀδυνατοῦντα.

291 5655 330 5712 12)
351 5656 386 5702 al.
406 5649 433 5702 ίν
450 5653 513 5704 τοῖς.
623 5647 660 5707 13]
682 5648 716 5695 al.
736 5641 886 5712 ἠβούλοντο,
996 5645 1034 5707 14)
1057 5645 1207 5714 μενεφέσση,
1230 5648 1364 5712 μενεφεσῆ,
1385 5643 1511 5714 μενεφίση
1530 5645 1599 5693 codd.
