4440 6276
293 400 401 464 XXIV
991 396 1219 453 PROOEMIVM.

292 622 597 706 Constantinopolim
627 629 844 702 revocaretur,
877 627 1016 706 peteret,
1050 621 1120 686 eius
1148 620 1309 687 inlocum
1331 619 1492 685 lohannes
1514 619 1669 703 magister
1691 619 1828 684 militum
1850 618 1921 685 suf-

293 741 396 807 fectus
418 750 478 825 est,
504 742 595 807 cuius
617 740 759 806 facinora
781 739 901 806 bellica
922 740 1099 806 Iohannide
1122 741 1282 825 Corippus
1305 739 1554 822 celebrarunt.

377 860 444 927 Sed
472 881 572 945 nune,
605 862 789 946 priusquam
819 881 925 926 rerum
954 867 1118 944 gestarum
1148 835 1275 925 seriem
1293 861 1385 942 sequi
1413 879 1604 945 pergamus,
1638 858 1819 943 paullulum
1842 859 1922 952 sub·

292 981 488 1062 sistendum,
515 987 559 1062 ut,
586 1000 648 1063 quo
671 988 813 1065 tempore
837 980 962 1046 subitae
985 980 1063 1044 illae
1086 1000 1191 1045 rerum
1214 978 1342 1045 Africae
1366 980 1559 1045 mutationes
1582 977 1656 1044 inde
1679 999 1700 1044 5
1721 999 1831 1064 pugna
1854 979 1921 1043 Ta-

292 1101 393 1167 ciensi
415 1120 517 1183 usque
540 1100 582 1165 ad
604 1101 756 1165 Iohannis
778 1101 811 1165 iu
834 1099 975 1165 Africam
999 1099 1171 1165 aduentum
1193 1107 1343 1183 peractae
1366 1100 1447 1182 sint,
1472 1099 1684 1181 inquiramus.
1730 1099 1800 1164 Iam
1822 1098 1921 1181 igitur

291 1222 320 1285 41
341 1220 580 1286 meminerimus
602 1220 648 1286 ita
671 1219 758 1305 apud
780 1220 940 1285 Victorem
963 1221 1213 1285 Tununnensem
1242 1239 1343 1284 annos
1373 1225 1446 1303 post
1468 1218 1582 1284 Basilii
1604 1218 1804 1284 consulatum
1832 1221 1915 1302 (541)

290 1340 467 1422 numerari,
502 1346 537 1405 ut
563 1359 667 1405 annus
689 1341 890 1405 consulatum
912 1339 1004 1404 illum
1026 1340 1200 1421 insequens
1229 1340 1309 1421 (542)
1349 1340 1470 1404 ‘annus
1493 1338 1654 1405 secundus
1676 1344 1749 1423 post
1771 1337 1922 1403 consula-

289 1468 357 1526 tum
380 1459 505 1525 Basilii'
530 1458 670 1540 dicatur,
704 1467 737 1525 et
758 1460 871 1524 tertius
893 1466 1040 1539 vocetur,
1073 1479 1169 1541 quem
1191 1459 1248 1524 alii
1270 1458 1447 1524 seeundum
1470 1457 1577 1523 dicere
1600 1458 1726 1524 soleant
1751 1458 1834 1541 (543)
1851 1460 1917 1540 ¹¹⁸),
1992 1504 1996 1524 .

292 1581 409 1665 optime
442 1580 525 1645 inter
562 1599 596 1644 se
624 1579 812 1664 Procopium
847 1585 879 1644 et
906 1578 1067 1645 Victorem
1098 1580 1267 1645 convenire
1296 1598 1356 1643 neo
1385 1578 1480 1642 nimis
1509 1579 1551 1643 ab
1578 1583 1712 1661 utroque
1742 1577 1922 1643 Marcellini

292 1700 541 1766 continuatorem
570 1698 720 1765 recedere
750 1699 989 1783 intellegemus.
1037 1699 1177 1777 Quorum
1208 1699 1348 1764 omnium
1372 1697 1412 1762 de
1436 1695 1633 1782 temporibus
1655 1695 1775 1762 indicia
1797 1696 1841 1762 ad
1862 1697 1921 1761 hos

292 1840 393 1885 annos
415 1819 608 1903 pertinentia
629 1819 712 1884 baec
733 1819 854 1884 tabella
876 1819 1110 1903 complectitur.

1035 1973 1209 2058 Procopius
1317 1973 1319 1999 ¹
1448 1972 1556 2036 Victor
1687 1971 1691 2087 Ι
1713 1969 1920 2035 Marcellinus

240 2101 242 2105 ’
358 2076 480 2142 Stutias
504 2084 536 2142 et
558 2076 719 2141 Iohannes
742 2075 910 2140 Sisinuioli
1471 2078 1532 2136 545
1787 2077 1848 2135 545

292 2179 379 2245 lilius
401 2180 521 2264 proelio
536 2178 687 2245 Taciensi
701 2185 835 2244 mortem
851 2199 910 2262 op·
1688 2120 1692 2259 i

291 2289 414 2365 petunt.

357 2384 469 2468 Sergio
485 2392 632 2451 reuocato
647 2383 841 2449 Ariobindus
857 2404 910 2449 so·
971 2384 1135 2448 mensibus
1158 2383 1282 2448 duobus
1786 2384 1848 2444 546

293 2486 344 2552 1114
360 2477 697 2572 Africae‘praetioitur.
997 2494 1070 2552 ante
1093 2484 1262 2551 Ariobindi

1055 2587 1197 2653 caedem.

358 2794 552 2860 Ariobindus
570 2814 589 2859 5
606 2794 796 2860 Guntaritho
812 2795 932 2875 inter·¹
987 2793 1101 2858 diebus
1124 2794 1264 2858 XXXVI
1319 2834 1322 2881 3
1369 2694 1644 2860 drebodiixxvi
1691 2864 1694 2891 Ι

293 2897 406 2963 licitur.
930 2916 933 3023 p
987 2904 1062 2962 ante
1086 2896 1269 2961 Guntarithi
1319 2914 1322 2981 1
1365 2904 1440 2962 ante
1464 2895 1648 2960 Guntarithi
1691 2906 1694 2915 ’

930 3027 933 3075 t
1059 2999 1201 3065 eaedem.
1319 2986 1322 3015 ⁸
1432 2997 1576 3064 caedem.

248 3131 250 3135 ·
358 3102 567 3169 Guntarithus
596 3104 637 3168 ab
660 3104 822 3169 Artabano
843 3112 911 3169 1111-
969 3120 1053 3166 anno
1076 3102 1171 3166 XIX⁰
1192 3102 1284 3186 regni
1474 3105 1536 3164 546

245 3259 247 3263 .
294 3203 429 3271 eidatur.
969 3205 1148 3270 Iustiniani.
1167 3205 1283 3290 (biblii)

357 3308 538 3373 Artabanus
575 3307 741 3373 Ariobindi
781 3309 911 3374 viduam

293 3409 599 3495 Constantinopolim
637 3411 779 3476 remittit.
836 3386 934 3496 lpsei

294 3510 423 3578 Africae
445 3512 638 3598 praeficitur.
932 3507 935 3616 'l

379 3683 536 3749 Taoiense
558 3684 733 3768 proelium,
767 3684 853 3767 quod
874 3685 1010 3750 Victoris
1036 3691 1068 3750 et
1090 3684 1268 3750 Marcellini
1291 3704 1448 3750 consensu
1470 3684 1513 3749 ad
1541 3704 1661 3749 annum
1685 3688 1746 3747 545
1770 3681 1916 3762 refertur,

293 3809 377 3868 oerte
399 3803 475 3868 anni
497 3803 592 3869 11111114
613 3811 704 3889 parte
727 3810 870 3870 extrema
892 3803 1094 3870 commissum
1113 3811 1171 3885 est,
1198 3805 1225 3869 si
1240 3804 1370 3887 quidem
1386 3804 1463 3870 anni
1477 3803 1622 3870 eiusdem
1639 3802 1729 3868 initio
1744 3801 1917 3884 Himerius,

293 3944 313 3988 a
335 3923 439 3989 Stutia
469 3930 599 4008 captus⁷
630 3923 862 3989 Hadrumetum
885 3945 905 3989 a
927 3925 1047 3990 Mauris
1069 3932 1257 4009 occupatum
1280 3932 1349 3990 erat
1371 3932 1404 3990 et
1424 3923 1560 3990 Romani
1581 3923 1633 3988 his
1655 3924 1751 3989 rebus
1773 3920 1921 3987 adversis

293 4041 405 4109 afflicti
427 4044 483 4109 diu
504 4063 615 4129 pugna
641 4043 937 4126 abstinuerantssll.
984 4043 1111 4129 Optime
1140 4044 1240 4128 igitur
1267 4065 1351 4110 anno
1380 4045 1509 4110 demum
1532 4048 1595 4109 546
1625 4042 1791 4126 Sergium,
1824 4061 1919 4124 quem

294 4164 402 4229 statim
429 4159 538 4246 (εὐθύς)
565 4171 638 4248 post
663 4183 804 4248 pugnam
827 4164 1017 4229 Taoiensem
1047 4164 1224 4230 nuntiatam
1248 4163 1446 4229 Iustinianus
1475 4169 1700 4245 revocaverat,
1730 4161 1840 4227 Africa
1862 4160 1921 4227 de-

293 4283 430 4349 cessisse
458 4282 665 4349 Marcellinus
694 4282 801 4349 refert.
857 4283 980 4362 Quodsi
1007 4303 1117 4350 mense
1147 4283 1214 4350 fere
1237 4283 1386 4349 Ianuario
1415 4283 1490 4348 anni
1513 4287 1576 4348 546
1604 4287 1741 4348 exeunte
1770 4280 1918 4364 Sergium

294 4423 334 4469 ex
356 4402 466 4469 Africa
493 4403 614 4469 abiisse
643 4402 821 4483 credimus,
854 4402 1023 4469 Ariobindi
1052 4403 1184 4470 caedem
1212 4403 1332 4495 mensis
1358 4403 1465 4468 Martii
1497 4404 1556 4468 sub
1587 4402 1701 4482 tinem,
1735 4400 1920 4467 Gunteritbi

293 4543 404 4589 mense
427 4523 495 4589 fere
517 4523 602 4588 Maio
623 4522 796 4606 incipiente
817 4529 1033 4608 perpetratam
1057 4543 1129 4589 esse
1152 4523 1397 4608 suspicabimur.
1443 4523 1531 4589 Inter
1545 4521 1729 4589 Guntarithi
1751 4541 1863 4587 necem
1886 4528 1919 4586 et

293 4643 446 4709 Iohannis
475 4642 622 4726 magistri
649 4643 682 4706 in
709 4641 851 4707 Africam
880 4642 1053 4708 adventum
1083 4651 1209 4728 tempus
1238 4644 1392 4729 perbreve
1423 4640 1607 4707 interfuisse
1638 4640 1776 4707 uidetur.
1822 4639 1919 4725 Apud

293 4763 465 4847 Corippum
488 4763 573 4829 enim
596 4762 777 4828 Caecilides
798 4762 855 4828 ille
876 4763 1032 4843 tribunus,
1059 4764 1114 4846 qui
1135 4763 1271 4828 Iohanni
1294 4781 1346 4828 154
1368 4769 1443 4827 anto
1465 4761 1535 4827 eius
1557 4761 1732 4826 adventum
1754 4761 1788 4826 in
1809 4759 1919 4826 Africa

292 4889 403 4967 gestas
425 4890 568 4963 enarrat,
598 4881 772 4947 orationem
797 4902 888 4947 suam
911 4882 1095 4949 Guntarithi
1118 4890 1217 4948 morte
1241 4889 1414 4947 memorata
1437 4880 1582 4963 finit120).
1630 4881 1802 4966 Procopius
1824 4880 1921 4945 Arta·

382 5161 440 5222 lli)
461 5160 530 5210 Proc.
551 5161 576 5208 b.
598 5160 679 5208 vind.
700 5160 724 5206 ll
744 5157 777 5208 28
795 5155 823 5209 οὐ
844 5156 933 5225 πολλῷ
952 5155 979 5208 δὲ
998 5154 1103 5226 ὕστερον
1122 5151 1281 5227 Ἀρταβάνης
1299 5157 1345 5224 μὲν
1365 5155 1457 5228 ἔχρῃζε
1477 5154 1615 5223 βασιλέως,
1637 5155 1707 5214 ὅπως
1725 5154 1801 5208 αὐτὸν
1820 5154 1847 5212 ἐς
1865 5151 1920 5207 Βυ-

293 5245 391 5307 ζάντιον
406 5244 607 5314 μεταπέμποιτο.
640 5241 758 5312 βασιλεὺς
776 5241 804 5294 δὲ
821 5243 868 5311 τὴν
888 5241 973 5311 δέησιν
993 5241 1094 5308 ἐπιτελῆ
1115 5241 1236 5304 ἐποιεῖτο,
1257 5243 1299 5294 καὶ
1317 5244 1360 5294 τὸν
1378 5238 1538 5311 Ἀρταβάνην
1552 5240 1781 5310 μεταπεμψάμενος
1799 5233 1918 5311 Ἰωάννην

292 5332 336 5383 τὸν
355 5328 465 5384 Πάππου
489 5327 598 5399 ἀδελφὸν
622 5326 721 5398 Λιβύης
744 5328 883 5399 στρατηγὸν
907 5328 985 5396 μόνον
1008 5328 1190 5397 κατεστήσατο.
1229 5333 1252 5379 b.
1274 5329 1349 5378 Goth.
1370 5329 1406 5376 lli
1429 5328 1470 5379 31.
1508 5329 1669 5377 Marcellinus
1688 5343 1771 5378 eomes
1790 5328 1829 5378 ed.
1850 5329 1919 5376 Ron-

293 5420 351 5468 calli
369 5420 392 5467 ll
411 5434 436 5481 p.
459 5417 517 5467 ³31.

381 5503 438 5565 ilat
460 5506 492 5554 cl.
513 5503 633 5566 prooemii
649 5501 727 5550 buius
744 5516 769 5564 p.
791 5501 874 5550 XVll.

381 5589 436 5651 119)
459 5591 490 5638 ct.
512 5587 631 5651 prooemii
648 5588 725 5635 buius
744 5602 769 5649 p.
790 5587 848 5638 XX.

381 5675 437 5737 tto)
460 5675 515 5724 Cor.
536 5675 590 5723 lob.
610 5674 645 5722 lV
663 5671 723 5722 246.
