4440 6276
1023 424 1172 481 CORIPPI

675 614 869 680 Taenarium
891 613 1003 679 dixere
1025 614 1150 697 lovem,
1177 613 1228 678 cui
1250 612 1407 696 sanguine
1430 614 1529 678 multo

674 717 806 783 humani
827 716 957 799 generis
978 723 1135 783 mactatur
1155 716 1285 781 victima
1306 716 1400 800 pesti.

674 840 731 905 pro
754 821 860 886 scelus
881 819 1074 885 infaustum!
1100 820 1239 904 gemitus
1261 819 1472 902 miserabilis,
1497 838 1593 884 auras

675 923 815 1007 undique
838 923 1039 1006 concutiens,
1065 923 1257 989 clamoribus
1278 923 1412 989 aethera
1433 923 1550 1008 pulsat.

674 1027 826 1111 imprimit
846 1026 899 1092 hic
920 1026 1039 1092 ferrum
1060 1026 1199 1110 iugulis,
1225 1032 1258 1091 et
1278 1026 1409 1092 vocibus
1430 1025 1537 1111 ipsum

620 1216 623 1221 Ι
675 1149 794 1194 numen
815 1128 899 1211 agit,
926 1128 1104 1212 dubiasque
1126 1147 1243 1194 vocans
1266 1127 1353 1194 exire
1376 1147 1433 1212 per
1454 1127 1583 1193 umbras

676 1231 752 1296 solis
774 1231 837 1296 iter
856 1238 1014 1315 temptare
1034 1231 1134 1297 iubet.
1181 1238 1256 1296 tunc
1277 1251 1366 1296 more
1387 1229 1519 1316 profano

676 1334 831 1418 diripiunt
852 1335 1010 1419 pecudum
1033 1335 1129 1401 libras
1152 1341 1184 1400 et
1204 1335 1272 1400 iata
1293 1335 1468 1417 requirunt.

676 1444 838 1522 presserat
857 1437 921 1503 ista
942 1438 1040 1519 deus,
1067 1438 1261 1522 surdumque
1282 1437 1325 1503 ad
1347 1437 1489 1503 carnrina
1510 1457 1627 1502 numen

675 1560 768 1605 omne
791 1541 868 1606 fuit:
895 1541 976 1606 nulli
998 1540 1107 1606 retulit
1127 1560 1282 1626 responsa
1303 1541 1464 1606 sacerdos.

760 1644 908 1709 Plrocbus
930 1644 972 1709 ab
992 1644 1110 1709 iutemi
1132 1644 1341 1729 resplendens
1363 1643 1508 1726 margine
1529 1642 1612 1708 caeli

676 1747 796 1812 Oceani
818 1747 986 1831 rumpebat
1006 1766 1125 1830 aquas,
1150 1747 1326 1830 meliorque
1347 1765 1518 1830 resurgens

675 1850 794 1915 lumine
817 1850 978 1933 fulgentes
1001 1850 1110 1916 radios
1131 1849 1284 1916 tendebat
1304 1851 1338 1915 in
1361 1850 1470 1916 orbem
1564 1865 1567 1869 ’

675 1953 763 2018 felici
785 1960 936 2019 nascente
959 1953 1024 2019 dic.
1070 1954 1198 2036 iamque
1221 1953 1332 2019 ordina
1355 1959 1441 2019 certo
1499 1946 1502 1951 ’

676 2055 884 2122 Christicolae
906 2055 1039 2122 veniunt
1059 2056 1188 2141 populi,
1214 2057 1358 2121 Romana
1378 2057 1528 2123 iuventus

675 2159 937 2242 magnanimique
960 2159 1059 2225 duces
1081 2159 1183 2244 signis
1205 2160 1429 2226 comitantibus
1451 2180 1527 2225 una.

676 2260 742 2327 dux
764 2262 820 2327 ubi
841 2261 993 2328 distensis
1015 2262 1128 2327 habuit
1148 2262 1284 2327 tentoria
1305 2262 1403 2342 velis,

676 2365 765 2430 visus
787 2385 858 2430 cum
880 2364 991 2449 primis
1013 2364 1121 2430 media
1142 2364 1225 2430 inter
1245 2371 1351 2430 castra
1372 2364 1542 2430 Iohannes.

677 2467 729 2532 hic
751 2487 903 2549 magnum
926 2466 1037 2532 statuit
1058 2467 1171 2531 velans
1193 2466 1295 2532 altare
1318 2465 1485 2543 sacerdos,

677 2576 709 2635 ct
731 2570 824 2636 solito
847 2569 948 2635 sacris
969 2569 1179 2635 circumdedit
1199 2569 1340 2652 undique
1362 2570 1467 2654 peplis

677 2692 764 2737 more
785 2678 921 2757 patrum.
967 2672 1199 2754 instituuntque
1222 2671 1333 2736 choros
1355 2679 1388 2738 et
1409 2671 1515 2738 dulcia
1536 2673 1679 2758 psallunt

677 2775 819 2841 carmina
840 2774 997 2841 deflentes
1019 2774 1132 2840 humili
1153 2795 1224 2841 cum
1246 2794 1324 2840 voce
1345 2775 1493 2840 ministri.

676 2887 727 2944 ast
748 2878 803 2945 ubi
825 2878 943 2944 sacrati
964 2878 1070 2962 tetigit
1091 2877 1156 2943 dux
1178 2878 1291 2943 limina
1311 2879 1422 2967 templi

675 2982 878 3066 ingrediens,
904 2982 1042 3065 gemitus
1064 2981 1174 3066 populi
1196 3002 1311 3065 rupere
1333 2982 1489 3047 dolentes.

675 3086 798 3151 lumina
819 3084 1015 3151 confundunt
1036 3084 1186 3150 lacrimis.
1232 3105 1295 3150 vox
1317 3085 1458 3168 undique
1479 3086 1587 3151 caelos

676 3190 801 3274 pulsat,
827 3198 859 3253 et
879 3188 1015 3254 infensis
1037 3195 1083 3254 tot
1106 3188 1233 3254 conscia
1254 3195 1384 3272 pectora
1405 3188 1523 3272 pugnis

676 3291 867 3377 percutiunt.
917 3291 1053 3357 ‘delicta
1074 3298 1200 3376 patrum
1222 3291 1364 3373 dimitte,
1390 3310 1555 3375 rogamus,

551 3421 555 3432 ⁴
677 3400 866 3475 nostraque,
892 3393 1032 3460 Christe’
1056 3400 1189 3477 gemunt
1210 3400 1242 3459 et
1262 3393 1361 3459 tensis
1383 3393 1514 3458 aethera
1535 3393 1651 3478 palmis

676 3495 870 3581 suspiciunt,
896 3496 1079 3580 dominique
1102 3496 1164 3561 sibi
1187 3495 1307 3561 solacia
1328 3502 1473 3580 poscunt.

675 3600 745 3684 ipse
766 3600 848 3664 inter
870 3599 1005 3684 primos,
1032 3599 1231 3682 genibusque
1253 3607 1286 3665 et
1307 3618 1437 3684 corpore
1458 3598 1559 3682 flexo,

675 3722 732 3787 pro
754 3702 871 3788 populo
893 3721 1030 3767 exorans
1051 3708 1156 3767 motus
1177 3702 1296 3786 pietate
1318 3702 1477 3767 lohannes

676 3827 717 3872 ex
739 3806 839 3872 oculis
861 3805 1010 3870 lacrimas
1032 3804 1186 3870 fundebat
1206 3803 1346 3869 fluminis
1366 3805 1484 3887 instar,

677 3910 920 3995 percutiensque
943 3928 1034 3974 suum
1057 3908 1219 3992 geminato
1241 3908 1374 3974 verbere
1396 3915 1507 3992 paetus

676 4013 756 4079 talia
777 4033 855 4078 voce
877 4019 979 4096 rogat.
1029 4012 1157 4077 ‘mundi
1180 4019 1282 4094 sator,
1308 4011 1403 4077 unica
1426 4031 1530 4078 rerum

676 4117 743 4181 vita
765 4116 935 4199 salusque,
961 4115 1058 4199 deus,
1083 4122 1206 4198 terrae,
1232 4115 1347 4193 maris,
1372 4115 1513 4180 aetheris
1535 4122 1646 4180 auctor

677 4219 894 4304 omnipotens,
920 4220 1044 4284 caelum
1066 4226 1099 4285 et
1119 4225 1236 4285 terram
1260 4219 1429 4285 vimutibus
1450 4218 1588 4303 implens

676 4322 936 4405 undivagumque
959 4322 1062 4386 salum
1085 4323 1137 4387 vel
1160 4321 1316 4406 quidquid
1338 4321 1475 4406 cingitur
1497 4323 1591 4404 orbe,

676 4434 815 4508 abraque
838 4433 870 4491 et
891 4432 1027 4490 tactum
1050 4427 1160 4510 populi
1182 4426 1333 4511 pallentis
1355 4426 1534 4505 Avernum,

675 4529 844 4613 imperium
866 4535 901 4594 tu
924 4528 1012 4593 solus
1033 4529 1150 4603 babcs;
1177 4529 1235 4594 tibi
1258 4548 1383 4593 summa
1404 4533 1546 4613 potestas

677 4638 709 4697 et
729 4631 801 4695 laus
824 4638 856 4696 et
877 4651 1010 4712 regnum
1033 4651 1234 4714 magnaeque
1256 4631 1399 4715 potentia
1420 4631 1564 4696 destrae.

676 4734 800 4819 respice
822 4734 886 4799 iam
908 4733 1037 4799 tandem
1060 4734 1236 4813 Romanos,
1263 4733 1404 4818 respice,
1430 4751 1569 4815 summe,

675 4844 771 4922 atque
794 4837 866 4921 pius
888 4857 1053 4919 succurre,
1079 4844 1186 4920 pater,
1212 4844 1389 4920 gentesque
1412 4836 1568 4920 superbas

676 4940 807 5024 frange,
834 4961 961 5025 precor,
987 4941 1103 5006 virtute
1125 4947 1192 5005 tua.
1239 4939 1464 5023 dominumque
1486 4946 1648 5024 potentem

674 5050 707 5110 te
729 5044 833 5108 solum
855 5050 1031 5127 agnoscant
1051 5044 1178 5128 populi,
1204 5043 1280 5108 dum
1303 5043 1441 5107 conteris
1462 5043 1571 5108 hostes

675 5155 708 5213 et
730 5148 838 5212 salvas
860 5167 917 5232 per
938 5147 1025 5212 bella
1047 5154 1130 5212 turos.
1177 5167 1261 5211 nunc
1283 5146 1432 5231 sculptile
1455 5147 1585 5212 damnat

676 5270 768 5316 omne
791 5270 910 5334 genus,
936 5270 1109 5333 verumque
1132 5249 1228 5316 deum
1251 5258 1299 5333 te,
1326 5270 1458 5333 magne,
1485 5250 1649 5314 fatemnr'.

360 5479 653 5541 aragoniensium,
677 5480 784 5540 geminis
806 5478 826 5524 Τ
965 5476 1014 5525 313
1040 5490 1129 5525 nomen
1149 5475 1169 5523 T
1308 5476 1357 5525 316
1381 5490 1430 5537 que
1448 5475 1508 5524 odd.
1529 5474 1607 5523 Musa.
1745 5474 1795 5525 325
1812 5478 1874 5527 ulae
1894 5482 1921 5529 Τ

290 5569 338 5618 327
359 5569 430 5617 sollte
448 5567 565 5617 dubitans
582 5566 657 5613 Beleia.
785 5564 885 5627 pbcplls
906 5563 926 5609 Τ
1063 5561 1114 5611 328
1133 5563 1217 5610 salunt
1236 5563 1256 5609 Τ

1394 5561 1444 5610 333
1463 5563 1571 5610 ministri
1590 5559 1734 5622 Mommsen,
1754 5564 1873 5622 magistri
1893 5567 1919 5615 Τ

289 5654 339 5704 334
357 5653 481 5701 diluetur
587 5650 636 5699 336
654 5651 835 5712 suscipiuntT
940 5648 988 5699 337
1007 5649 1174 5710 gentibusque
1195 5650 1215 5694 Τ
1336 5648 1386 5697 350
1407 5648 1533 5696 lrauceT
1654 5646 1704 5696 uel
1722 5649 1833 5711 sorlptlls
1855 5651 1879 5700 Τ

288 5740 389 5789 damnat
411 5739 437 5800 Τ,
458 5738 547 5787 dsmm
565 5737 699 5786 Mommsen
802 5737 851 5786 353
872 5749 1009 5797 uerumque
1028 5735 1118 5797 Murra,
1138 5741 1273 5798 utrumque
1294 5737 1314 5783 Τ
