4440 6276
1203 394 1351 449 CORlPPl

849 582 1052 666 audacesque
1076 584 1181 649 simul.
1230 586 1345 650 multos
1368 605 1443 650 nam
1466 604 1562 669 saepe
1586 583 1708 650 revisit.

850 693 882 752 et
904 685 1015 768 quanti
1038 707 1078 752 ex
1100 686 1180 771 ipsis
1202 687 1341 770 palmam
1362 706 1530 772 sumpsere
1553 687 1699 771 periclisl

850 795 885 852 ut
908 787 1000 854 decet
1023 808 1094 855 esse
1117 788 1233 872 duces,
1259 789 1345 856 cauti
1367 788 1526 873 fortesque
1548 797 1718 872 trucesque

741 940 745 951 .
850 890 981 975 pandite
1004 892 1138 976 quisquo
1161 912 1237 957 suas
1259 893 1337 958 belli
1359 891 1392 957 in
1415 892 1597 959 discrimine
1620 892 1716 959 uires.

851 994 894 1060 sit
916 995 1005 1060 labor
1026 995 1083 1061 ille
1106 995 1233 1060 animis.
1280 994 1367 1061 acies
1390 995 1567 1080 componite
1590 996 1720 1077 turmis,

851 1104 1029 1180 curtemque
1052 1097 1216 1183 dispositis
1238 1097 1387 1164 incedant
1409 1098 1502 1181 signa
1525 1098 1686 1182 maniplis.

852 1199 932 1266 baec
955 1201 997 1267 sit
1018 1201 1189 1286 praecipue
1212 1200 1327 1267 summi
1350 1202 1476 1268 cautela
1500 1202 1636 1273 laboris,

851 1303 912 1367 bas
933 1304 1051 1385 uigiles
1073 1311 1199 1370 servate
1223 1304 1320 1370 uiues.
1368 1304 1419 1369 bis
1441 1305 1568 1370 uincitis
1593 1306 1712 1371 bostcs.

851 1405 963 1472 ordino
985 1407 1119 1490 quisquc
1143 1426 1200 1473 suo
1222 1405 1419 1493 praecedant
1440 1416 1544 1474 castra
1568 1408 1704 1489 tribuni,

850 1507 1074 1592 interdumque
1096 1508 1212 1591 duces,
1238 1517 1407 1595 suspectas
1429 1531 1582 1593 quaerere
1606 1512 1709 1578 ualles

851 1618 883 1677 et
904 1610 1017 1677 faciles
1040 1619 1203 1696 praestare
1226 1612 1306 1678 vias.
1355 1613 1513 1679 exercitus
1536 1613 1639 1678 onmis

850 1713 901 1779 bis
923 1734 1054 1779 securus
1076 1713 1153 1793 erit,
1180 1723 1308 1780 cautum
1331 1734 1390 1780 nec
1412 1716 1578 1799 praeuenit
1600 1717 1700 1782 bostis

850 1816 1081 1900 vallatumque.
1127 1817 1194 1882 suis
1217 1825 1250 1883 at
1272 1817 1301 1882 si
1322 1817 1486 1884 Maunrsia
1507 1819 1627 1884 bellum

852 1918 1020 1984 fraudibus
1042 1919 1175 1985 occultis
1197 1920 1284 1985 acies
1306 1927 1438 1985 assueta
1460 1920 1605 2005 parabit,

850 2022 981 2089 nuntius
1002 2030 1077 2089 ante
1100 2022 1181 2089 leuis
1204 2030 1329 2089 nostras
1352 2022 1497 2108 deportet
1519 2023 1562 2088 ad
1584 2044 1680 2089 aures

850 2133 960 2191 vectus
983 2146 1082 2209 equo,
1107 2133 1282 2207 cauasque
1305 2125 1382 2191 facit
1403 2146 1574 2210 properare
1597 2127 1752 2192 cobortes.

851 2228 912 2294 boc
933 2234 1075 2310 servate,
1103 2228 1212 2295 duces.
1261 2249 1370 2295 veram
1393 2235 1520 2313 sperate
1543 2230 1706 2296 salutem'.

936 2331 1063 2398 dixerat
1085 2332 1165 2398 baec
1187 2331 1314 2412 ductor,
1343 2333 1441 2398 latum
1465 2353 1536 2398 oum
1559 2333 1690 2399 vocibus
1712 2352 1828 2415 agmen

850 2434 1053 2517 consequitur
1074 2432 1178 2500 festis.
1225 2434 1359 2500 laudant
1380 2435 1600 2520 plauduntque
1623 2435 1795 2518 faventque

850 2537 1058 2621 excitantque
1081 2537 1196 2603 animis
1218 2545 1249 2604 et
1274 2538 1349 2603 laeti
1373 2537 1460 2601 iussa
1483 2536 1656 2604 facessunt.

1029 2907 1190 3007 LIBER
1222 2905 1524 3006 SECVNDVS.

939 3121 1073 3186 Pellitur
1094 3121 1215 3187 interea
1238 3121 1360 3186 cunctis
1383 3127 1525 3186 vastator
1546 3121 1588 3185 ab
1611 3121 1681 3197 oris,

852 3225 1001 3303 Maurus,
1028 3232 1060 3290 et
1081 3223 1216 3290 adverso
1238 3222 1384 3309 trepidus
1407 3225 1549 3290 calcatur
1570 3225 1612 3288 ab
1634 3225 1736 3290 hoste.

853 3327 973 3394 deserit
995 3329 1144 3393 obsessas
1166 3326 1294 3411 fugiens
1317 3328 1506 3393 corroenitus
1529 3329 1642 3409 urbes,

852 3429 1060 3513 turbatusque
1083 3437 1170 3495 metu
1192 3437 1316 3496 montes
1338 3430 1496 3496 concurrit
1517 3430 1560 3495 ad
1582 3430 1681 3513 altos,

745 3578 750 3587 ·
854 3531 988 3614 diraque
1010 3532 1146 3598 munivit
1166 3533 1336 3617 posuitque
1360 3533 1502 3620 mapalia
1525 3533 1628 3598 siluis.

853 3635 1026 3720 implentur
1048 3636 1213 3719 vallesque
1236 3656 1335 3702 cavae
1359 3636 1522 3719 collesque
1546 3637 1651 3721 supini

854 3738 1004 3823 gentibus
1027 3738 1220 3819 innumeris,
1247 3758 1439 3824 camposque
1462 3746 1494 3805 et
1514 3738 1647 3806 flumina
1669 3739 1734 3805 late

854 3862 950 3909 curva
974 3848 1096 3926 tegunt.
1144 3841 1238 3907 latuit
1260 3841 1369 3907 densis
1392 3843 1585 3908 contermina
1612 3843 1709 3908 tellus

854 3945 1055 4029 agminibus,
1081 3952 1267 4028 montesque
1291 3953 1323 4010 et
1345 3945 1442 4012 celsis
1465 3944 1597 4010 frondea
1621 3945 1712 4010 siluis

854 4055 938 4114 tecta
961 4049 1063 4114 latent
1083 4047 1242 4132 pendente
1265 4066 1353 4113 casa.
1400 4046 1483 4132 fugit
1503 4047 1578 4113 inde
1602 4048 1742 4113 ferarum

854 4171 948 4217 omne
970 4170 1090 4234 genus,
1116 4151 1206 4217 saeui
1228 4169 1378 4216 reverens
1403 4151 1561 4216 venabula
1584 4149 1706 4233 Mauri,

855 4273 914 4319 nee
937 4252 1039 4338 potuit
1061 4253 1211 4318 miserum
1233 4259 1340 4319 tantas
1364 4253 1501 4318 eradere
1523 4261 1649 4337 pestes,

855 4356 913 4423 sed
936 4357 1020 4421 iacet
1041 4355 1150 4420 affixis
1172 4355 1321 4440 resupino
1344 4355 1377 4420 in
1399 4363 1524 4439 pectore
1548 4356 1631 4421 telis.

854 4478 919 4524 non
941 4458 1028 4524 mitis
1050 4458 1180 4523 volucer
1201 4457 1299 4522 ramis
1321 4458 1496 4542 permissus
1519 4457 1551 4522 in
1574 4458 1649 4523 altis

746 4607 750 4621 .
854 4561 1020 4628 frondibus
1043 4568 1098 4627 arat
1119 4560 1235 4627 mediis
1258 4558 1371 4626 dulces
1394 4560 1589 4646 suspendere
1612 4561 1717 4626 nidos.

854 4665 1020 4730 arboribus
1042 4663 1182 4748 religant
1204 4671 1354 4747 congesto
1377 4662 1514 4728 culmine
1537 4683 1657 4729 cannas

854 4768 1020 4850 omnibus,
1047 4774 1078 4833 et
1100 4766 1188 4831 nullo
1210 4773 1260 4831 est
1281 4785 1417 4831 vacuum
1440 4765 1502 4830 iam
1526 4766 1560 4830 in
1580 4774 1687 4831 monte
1710 4785 1879 4848 cacumen,

854 4871 992 4954 qualiter
1013 4869 1141 4936 infusae
1164 4869 1260 4935 tellus
1283 4876 1427 4934 contecta
1449 4869 1582 4953 pruinae

853 4973 937 5040 nube
959 4973 1056 5051 latet,
1084 4972 1252 5056 campique
1275 4979 1308 5038 et
1329 4979 1453 5037 montes
1474 4972 1569 5037 arbor
1591 4981 1623 5038 et
1645 4972 1747 5037 omnis

854 5076 959 5159 albet,
986 5076 1110 5160 etipse
1134 5075 1200 5140 snio
1224 5081 1345 5139 artatur
1367 5074 1504 5140 motibus
1527 5083 1599 5158 abr,

536 5357 585 5407 564
604 5364 688 5407 cautos
707 5356 784 5406 Muza.
902 5353 1060 5417 trucsqueT
1179 5352 1228 5401 566
1246 5352 1362 5400 lamorT
1484 5351 1533 5400 573
1552 5367 1597 5401 nec
1619 5353 1647 5413 Τ,
1668 5353 1761 5401 nonV
1880 5350 1929 5402 576
1947 5350 2095 5413 nuptinsl'

467 5443 517 5492 578
535 5444 677 5506 aperarcT
780 5441 826 5490 581
848 5441 1019 5491 taoeaountT

537 5530 673 5590 ultraque
693 5528 723 5587 Τ,
743 5532 871 5588 astraque
890 5526 967 5576 Maza.
1037 5579 1042 5604 a
1075 5527 1182 5588 mapalia
1199 5528 1294 5586 scripsi.
1315 5527 1343 5572 in
1363 5523 1442 5585 prelia
1462 5524 1492 5584 Τ,
1512 5525 1636 5585 imperuia
1650 5521 1727 5572 Muza.
1834 5520 2092 5583 dimplenturquad'

466 5614 483 5663 8
502 5621 591 5674 tegunt
611 5614 639 5667 T.
661 5618 751 5663 teuent
769 5611 846 5660 dinsa.
964 5612 993 5661 ll
1014 5625 1131 5661 reucrcns
1149 5615 1242 5672 nosipsi,
1264 5611 1375 5659 reterens
1397 5609 1417 5656 Τ
1531 5607 1676 5658 litaminis
1698 5608 1718 5654 T
1832 5607 2051 5669 lacrumarum
2072 5605 2092 5653 T

469 5699 499 5750 ts
518 5699 675 5749 contoxtad'
