4440 6276
868 426 1096 483 lOllllNNlDOS
1116 428 1185 483 LlB.
1208 428 1255 484 Vl.
1279 429 1333 493 (V).

763 618 943 682 Maurorum
965 617 1089 683 interea
1110 617 1211 683 uectis
1234 616 1368 683 defensa
1389 617 1530 683 tenebris

676 719 808 804 agmina
829 723 998 787 currebant
1019 720 1142 787 cunetis
1164 740 1223 806 per
1244 720 1341 786 devia
1362 720 1471 799 terris,

677 843 790 908 sparsa
812 831 909 890 metu.
956 845 1017 890 uox
1040 824 1113 910 ipsa
1134 823 1241 906 iuvat,
1268 845 1329 890 uox
1353 823 1424 909 ipsa
1446 823 1573 907 fatigat.

677 927 794 1011 eripuit
816 927 932 993 mediis
954 934 1084 993 cunetas
1107 927 1147 993 de
1171 927 1318 993 faucibus
1341 927 1414 992 (trel

677 1030 841 1095 occultans
864 1031 999 1096 obscura
1021 1030 1117 1096 virus.
1165 1030 1223 1095 sed
1247 1050 1355 1095 rursus
1377 1030 1508 1096 easderu

677 1133 829 1199 sollicitat
850 1134 965 1199 dubias
986 1133 1106 1200 ineerta
1128 1134 1231 1199 Marte
1254 1141 1411 1199 catervas.

569 1261 581 1295 .·.
677 1237 835 1319 effugiunt
855 1236 982 1322 pandi,
1008 1238 1096 1302 nullu
1118 1246 1191 1322 post
1213 1244 1304 1321 terga
1326 1243 1494 1319 sequente,

678 1340 752 1404 druu
776 1340 951 1426 trepidant,
978 1340 1192 1425 strepitusque
1215 1360 1291 1406 sues
1314 1340 1499 1424 sonitusque
1522 1359 1648 1405 srucruru

678 1464 749 1509 csse
772 1451 885 1529 putant
907 1445 1031 1523 hostes,
1057 1444 1237 1528 turbatique
1260 1444 1362 1509 ardna
1384 1450 1539 1526 quassant

675 1547 732 1613 ilia
754 1547 971 1631 cornipedum.
1017 1547 1137 1614 crebris
1160 1555 1310 1614 montrum
1332 1546 1471 1631 flagellis

677 1658 768 1716 necte
791 1651 906 1716 silente
928 1658 1071 1736 crepant.
1118 1651 1238 1717 socium
1260 1651 1433 1717 terroribus
1455 1671 1572 1735 agmen

677 1754 821 1836 exagitat
842 1754 979 1820 solidum
1003 1754 1150 1836 quatiens
1173 1755 1255 1820 levis
1278 1755 1399 1838 ungula
1421 1774 1579 1839 campum.

762 1859 864 1923 altera
886 1858 1052 1923 Phoebeos
1075 1858 1210 1941 cogebat
1232 1878 1359 1924 currere
1381 1876 1493 1924 cursus

678 1962 805 2026 lleeane
828 1969 969 2027 reserata
991 1961 1072 2026 dies.
1120 1962 1265 2026 turbatur
1287 1961 1413 2026 anhelis

678 2085 797 2148 aequor
818 2073 850 2131 et
870 2063 963 2129 ardet
984 2064 1092 2147 equis.
1119 2064 1303 2131 fervescunt
1325 2072 1440 2149 stagna
1463 2064 1630 2150 preliandi,

678 2175 805 2232 aestuat
825 2167 912 2233 unda
934 2175 1073 2248 tumens,
1101 2174 1133 2232 et
1154 2186 1260 2232 sacrm
1282 2168 1417 2252 parturit
1437 2168 1541 2251 ignes.

552 2296 582 2334 ·.›:‚
678 2290 873 2353 consurgens
895 2271 990 2336 sulita
1012 2270 1147 2355 primum
1170 2271 1288 2355 pietate
1311 2271 1466 2355 magister

678 2376 782 2440 laetus
803 2374 872 2458 agit
894 2381 1019 2457 grates,
1046 2374 1206 2439 deminum
1231 2374 1355 2440 uirtutis
1378 2374 1515 2440 adorans

678 2486 710 2544 et
732 2478 861 2543 meritas
884 2477 1021 2542 reddens
1042 2477 1101 2543 tali
1124 2498 1179 2563 pro
1202 2498 1332 2542 munere
1356 2478 1477 2544 laudes.

678 2587 753 2645 tunc
775 2580 851 2646 laeti
874 2600 990 2644 venere
1013 2580 1111 2645 durees
1134 2579 1297 2663 sortesque
1320 2579 1438 2645 tribuni

678 2690 711 2747 et
732 2683 825 2768 prirui
848 2703 1024 2767 procerum.
1072 2682 1197 2748 uredius
1219 2703 1299 2766 ques
1325 2683 1394 2768 ipse
1416 2683 1570 2767 magister

679 2788 725 2853 sic
747 2787 832 2870 prior
853 2786 1042 2869 alloquitur:
1073 2790 1175 2868 ‘qnae
1198 2805 1279 2870 gens
1302 2786 1473 2852 durissima
1495 2795 1616 2853 uestras

678 2891 795 2956 counit
816 2898 890 2956 ante
914 2890 1033 2975 pedes,
1059 2890 1153 2955 socii!
1203 2890 1249 2955 sie
1272 2890 1381 2955 mertis
1404 2890 1556 2955 amicam.

679 2994 724 3058 sic
746 2994 875 3077 iugulos
897 2993 1015 3059 inferre
1038 2993 1126 3074 neci,
1153 2994 1199 3058 sic
1221 3012 1346 3059 currere
1370 2993 1402 3058 iu
1425 2993 1533 3058 hostes

678 3119 740 3164 ucn
762 3098 840 3163 alibi
863 3099 1016 3184 pupulos,
1043 3117 1142 3163 saeva
1163 3118 1224 3164 ucu
1249 3096 1382 3163 Perside
1404 3096 1482 3162 vidi.

678 3222 751 3267 uam
775 3202 921 3284 quotiens
943 3201 1043 3266 victos
1066 3201 1175 3267 hostes
1198 3199 1276 3266 dare
1298 3208 1391 3284 terga
1413 3201 1543 3283 subegi.

554 3332 583 3367 ·:‚
679 3305 836 3390 intrepido
859 3304 976 3370 wtiens
999 3305 1089 3370 vultu
1111 3304 1234 3370 rediere
1258 3304 1374 3369 ruinani

679 3428 750 3473 cunr
774 3407 899 3474 fremitu
924 3408 1071 3490 saltuque
1094 3407 1171 3473 lere.
1218 3414 1326 3472 tamen
1349 3408 1459 3474 ouliue
1482 3428 1604 3473 sunuruq

679 3519 711 3575 et
733 3511 832 3576 nostri
855 3511 970 3577 virtute
994 3511 1047 3577 dei
1069 3511 1232 3577 confracta
1254 3511 1395 3578 recessit.

679 3633 762 3679 nuuc
786 3615 922 3698 Libycos
943 3614 1024 3679 fines
1047 3615 1140 3680 solitu
1163 3613 1294 3681 custode
1316 3615 1400 3681 tueri

678 3737 717 3782 ae
739 3719 879 3783 celerare
902 3718 1008 3803 placet
1030 3718 1137 3784 felicia
1159 3738 1259 3802 regna
1282 3719 1411 3785 referre.

678 3821 767 3886 ocius
788 3821 823 3885 iu
846 3821 992 3906 proprias
1015 3842 1227 3909 numerosque
1249 3821 1392 3888 reducite
1415 3820 1510 3887 sedes

679 3931 711 3989 et
732 3924 851 3990 munite
874 3924 971 3989 loeus.
1020 3925 1123 3990 celsos
1144 3924 1298 4008 indagine
1321 3931 1461 4007 mentes,

602 4090 606 4101 ,
678 4034 942 4112 autra‚ue1uus,
968 4026 1100 4109 llrrvios,
1127 4027 1279 4093 silvarum
1303 4029 1395 4103 laxa,
1422 4028 1562 4094 latebras

678 4132 813 4216 cingite,
840 4139 872 4198 et
894 4132 1044 4197 obsessas
1067 4131 1152 4197 cauti
1175 4130 1354 4198 concludite
1377 4132 1499 4198 lances.

677 4242 818 4321 tempore
841 4236 901 4301 sub
924 4235 1050 4301 modico
1073 4234 1176 4320 periet
1197 4254 1279 4319 gens
1300 4234 1400 4320 impia
1422 4235 1535 4301 Maura

570 4366 582 4403 :‚
678 4339 867 4422 deficietque
889 4339 984 4405 lame.
1031 4346 1086 4405 aut
1108 4338 1225 4404 uostris
1248 4358 1282 4404 se
1305 4338 1449 4424 protinus
1472 4339 1570 4404 aunis

678 4443 813 4508 subiciet
835 4462 1008 4528 pacemque
1031 4448 1135 4527 petet,
1162 4442 1189 4507 si
1212 4441 1313 4507 milite
1336 4443 1429 4527 pulsu

678 4565 739 4611 uon
762 4546 869 4612 ualeat
892 4547 1046 4632 populare
1068 4565 1181 4625 casas,
1208 4553 1265 4611 aut
1286 4545 1399 4611 ultima
1421 4545 1530 4612 muudi

678 4656 809 4735 appetet
830 4670 908 4714 arva
930 4649 1048 4733 fugax,
1075 4656 1107 4715 et
1128 4656 1254 4714 uestras
1277 4648 1404 4715 deseret
1425 4669 1509 4714 oras.

680 4753 810 4837 Byzaeii
832 4753 969 4836 geminis
992 4752 1127 4819 ducibus
1150 4753 1191 4818 sit
1212 4752 1354 4818 maxima
1375 4772 1450 4818 cura

679 4856 840 4941 Massylas
862 4857 950 4922 acies
972 4856 1042 4922 aeie
1064 4857 1193 4923 turbare
1215 4855 1364 4939 sequaci,

679 4959 827 5025 sullicitis
848 4960 957 5026 tristes
979 4959 1097 5044 gladiis
1120 4980 1254 5044 urguere
1277 4959 1475 5044 phalanges,

679 5071 712 5130 et
733 5064 842 5148 procul
866 5084 887 5128 a
908 5063 1023 5128 uostris
1046 5063 1208 5147 expellere
1230 5062 1347 5127 finibus
1369 5063 1506 5129 huates'.

371 5290 386 5296 ..
405 5284 704 5295 ————--—---—-

363 5412 564 5464 ‘turruroruml'
671 5412 697 5463 ll
719 5420 800 5462 uuuat
820 5410 840 5459 Τ
946 5408 974 5460 18
993 5411 1102 5471 tragellls
1119 5409 1139 5458 Τ
1242 5410 1274 5459 20
1293 5406 1458 5471 exagitantT
1560 5407 1588 5459 21
1611 5423 1699 5459 cursus
1716 5408 1742 5471 Τ,
1762 5424 1848 5461 crrrrua
1865 5412 1912 5462 du·

293 5500 372 5550 lr'trma
392 5503 466 5551 Bclrlr.
573 5500 606 5549 30
624 5515 688 5562 quae
707 5500 796 5559 uruca,
823 5513 896 5561 quem
920 5498 940 5545 Τ
1043 5497 1075 5546 33
1093 5498 1153 5546 allbl
1171 5499 1267 5559 scripu,
1287 5498 1349 5546 albis
1369 5496 1396 5557 Τ,
1417 5496 1488 5544 Albla
1508 5493 1584 5545 ,uma
1690 5497 1784 5559 munde
1808 5498 1835 5557 Τ,
1855 5514 1911 5548 aas·

292 5600 349 5636 uam
362 5602 410 5636 rrcu
424 5586 654 5636 l‘ersldadalttnar
665 5586 739 5637 delet.
846 5585 878 5634 35
898 5585 1018 5646 lutrepldl
1031 5583 1145 5633 dutltcma
1156 5583 1233 5632 Belrt.
1338 5582 1492 5644 quotleual'
1593 5580 1908 5647 asseveratumque,

291 5672 467 5723 accelerare'l'
605 5672 637 5724 lt
662 5672 745 5722 Maura
764 5670 858 5733 ulna,
888 5685 990 5722 maurox
1010 5672 1043 5731 Τ,
1071 5668 1180 5732 (orrltua
1198 5669 1282 5719 ldmx
1352 5659 1357 5670 '
1419 5666 1453 5716 ld
1476 5668 1601 5716 sublclent
1628 5666 1649 5714 Τ
1784 5678 1870 5733 peteru
1891 5670 1912 5718 Τ

292 5757 319 5808 51
342 5761 461 5810 scllleltas
481 5758 502 5806 'l'
607 5758 639 5809 52
657 5766 683 5809 et
701 5760 786 5823 praeut
803 5776 818 5806 ι
836 5760 928 5809 uostrls
948 5756 1037 5816 Muza„
1057 5764 1083 5806 et
1101 5758 1192 5806 uostrls
1210 5756 1294 5819 procul
1316 5754 1338 5803 l*

370 5862 488 5901 t'uurcrus.
1688 5856 1704 5905 9
