4440 6276
300 426 344 490 vl
986 419 1209 476 russeunuuo.

381 666 465 730 p=
489 648 617 713 editio
647 618 840 732 prinecps
875 645 1006 710 Parisiis
1039 644 1080 708 ab
1113 645 1191 708 lano
1225 643 1326 707 Parvo
1365 641 1472 718 (letum
1504 636 1586 702 Petit
1635 635 1794 700 liudovico
1825 632 1900 697 XlI.

299 774 450 850 regnante
479 768 644 851 impressa.
691 767 841 850 Sequitur
868 765 901 830 in
924 786 964 830 ca
992 771 1063 849 post
1083 763 1264 848 passionem
1286 762 1346 826 Vll
1375 766 1564 843 manyrnm
1598 756 1734 839 quaein
1757 753 1905 820 omnibus

299 886 389 951 libris
411 908 505 952 manu
529 887 653 970 scriptis
674 886 809 952 Victoris
831 884 982 951 historiae
1003 884 1130 950 adnexa
1151 889 1210 964 est,
1236 901 1338 947 sermo
1361 880 1401 945 de
1424 879 1459 943 S.
1484 876 1654 963 Cyprieno,
1683 884 1717 942 ut
1738 876 1771 941 in
1794 874 1905 942 codice

299 1005 508 1072 Bruxellensi.
555 1006 660 1072 Editio
690 1005 836 1072 Parisino
863 1002 1096 1088 bibliograpbis
1125 1008 1158 1068 et
1186 1000 1359 1067 editoribus
1382 999 1516 1066 Victoris
1545 998 1655 1081 ignota
1683 996 1816 1077 mansit,
1849 994 1905 1079 qui

297 1263 367 1309 esse
397 1245 587 1311 existimant.
639 1247 728 1311 Idem
757 1245 827 1330 ipse
856 1264 981 1328 quoque
1011 1249 1196 1328 putaverat,
1232 1261 1301 1307 cum
1331 1240 1489 1305 Victorem
1519 1258 1590 1303 cum
1619 1237 1694 1303 aliis
1722 1235 1904 1302 auctoribus

297 1364 448 1430 historiae
470 1366 705 1432 ecclesiasticae
728 1364 876 1431 Basileac
898 1386 928 1430 a.
951 1366 1031 1427 1535
1062 1382 1102 1428 ex
1124 1362 1233 1429 codice
1256 1359 1472 1427 Berolinensis
1501 1380 1522 1423 a
1543 1358 1634 1424 nobis
1664 1356 1771 1424 collati
1800 1354 1905 1421 simil·

298 1483 372 1549 limo
394 1485 581 1569 publicaret.

382 1604 499 1670 Horum
521 1605 686 1685 librorum,
717 1625 798 1689 quos
819 1624 929 1671 omnes
949 1603 1013 1689 ipsi
1034 1602 1250 1681 excussimus,
1284 1599 1507 1666 Laudunensis
1536 1606 1571 1665 ut
1592 1597 1829 1664 vetustissimus
1857 1595 1905 1663 ita

297 1723 471 1808 scripturae
500 1725 640 1792 bonitate
669 1726 764 1810 longe
786 1725 922 1810 optimus
945 1730 1011 1797 est,
1045 1745 1083 1789 eo
1107 1743 1233 1806 quoquc
1255 1722 1380 1787 nomine
1403 1719 1640 1801 aestimandus,
1673 1717 1757 1800 quod
1782 1716 1903 1783 homini

297 1843 405 1909 critico
419 1844 511 1927 quasi
526 1845 610 1910 viam
631 1852 794 1928 monstrat,
820 1865 884 1928 qua
905 1845 963 1909 hos
985 1844 1082 1910 libros
1096 1842 1303 1909 emendaturo
1326 1880 1366 1889 -
1389 1840 1534 1924 indigent
1547 1846 1653 1905 autem
1676 1857 1792 1921 magno
1806 1856 1903 1922 opere

296 1984 392 2030 manu
421 1943 633 2031 emendatrice
655 1964 959 2048 —ingrediendum
990 1963 1040 2030 sit.
1102 1962 1186 2042 Quid
1216 1962 1322 2028 dicere
1343 1962 1440 2027 velim
1469 1959 1647 2026 accuratius
1676 1957 1902 2042 explicandum

297 2091 356 2149 est.
404 2084 482 2150 Cum
504 2085 672 2168 apparatui
694 2083 803 2151 critico
825 2083 1004 2168 colligendo
1026 2104 1153 2170 operam
1176 2083 1295 2163 darem,
1327 2083 1462 2167 primum
1483 2079 1582 2146 incidi
1603 2079 1637 2144 in
1658 2078 1784 2145 codices
1806 2079 1904 2143 Bam-

298 2202 485 2287 bergensem
507 2211 539 2270 et
560 2203 855 2287 Vindobouensem,
888 2224 967 2287 quos
989 2211 1101 2289 postea
1122 2204 1196 2269 eliis
1218 2203 1308 2270 libris
1330 2201 1482 2288 inspectis
1504 2200 1646 2271 familiae
1669 2219 1746 2265 suae
1768 2198 1904 2283 optimos

297 2342 369 2390 esse
391 2323 533 2407 cognovi.
581 2326 617 2389 ln
639 2324 846 2409 quibuscum
869 2323 956 2389 haud
978 2344 1097 2408 paucos
1120 2324 1205 2390 locos
1228 2324 1345 2390 rectius
1370 2322 1522 2407 scriptos,
1556 2341 1650 2406 quam
1681 2340 1751 2385 cum
1774 2318 1807 2383 in
1828 2317 1903 2384 aliis

296 2442 530 2527 exemplaribus
543 2451 609 2511 tum
631 2445 665 2509 in
686 2444 880 2511 Ruinarti
902 2444 1173 2519 circumferuntur,
1199 2443 1492 2529 deprehendissem,
1519 2448 1553 2507 ut
1568 2440 1636 2507 fere
1650 2441 1695 2524 fit,
1721 2459 1819 2524 prope
1834 2445 1904 2506 crat

296 2568 331 2628 ut
358 2562 408 2627 his
436 2562 526 2629 libris
555 2585 725 2648 eorumque
753 2563 904 2631 affinibus
932 2563 1063 2629 nimium
1091 2564 1275 2631 tribuerem.
1320 2564 1392 2629 Vna
1419 2570 1525 2628 nmen
1553 2582 1605 2628 res
1634 2561 1783 2627 monebat
1810 2565 1903 2625 caute

296 2683 454 2766 agendum
478 2702 565 2767 esse,
599 2685 747 2768 quoniam
769 2684 802 2750 in
825 2684 885 2750 hoe
907 2683 1051 2750 codicum
1074 2683 1198 2749 familia
1219 2683 1342 2750 librarii
1363 2682 1577 2767 neglegentia,
1611 2681 1665 2765 qui
1693 2679 1902 2765 archetypum

295 2810 492 2879 exaraverat,
518 2803 606 2870 haud
627 2824 730 2891 pauca
744 2805 901 2871 vocabula
921 2805 1040 2870 omissa
1062 2809 1145 2885 sunt,
1172 2823 1254 2886 quae
1276 2804 1308 2868 in
1331 2805 1434 2870 altera
1452 2802 1594 2869 codicum
1617 2800 1789 2883 familia*),
1815 2799 1905 2866 cuius

297 2923 391 3006 longe
413 2922 550 3007 optimus
569 2924 787 2991 Bruxellensis
810 2931 868 3007 est,
901 2924 1027 3008 integra
1054 2922 1277 2997 inveniuntur;
1312 2925 1415 3004 velut,
1447 2930 1483 2990 ut
1504 2922 1640 2989 leviores
1662 2940 1783 2988 errores
1812 2918 1906 2986 omit—

295 3048 379 3125 tam,
411 3042 527 3110 desunt
546 3043 580 3109 in
603 3045 685 3110 BLV
707 3046 806 3111 verba
826 3065 847 3109 a
868 3044 959 3110 nobis
982 3042 1107 3110 uncinis
1129 3044 1364 3130 circumscripta
1385 3044 1418 3110 in
1440 3043 1491 3109 his
1513 3042 1608 3109 locis:
1649 3042 1675 3123 I,
1702 3044 1742 3106 38
1765 3045 1818 3125 qui
1837 3061 1906 3105 cnm

296 3167 430 3227 evicino
451 3166 645 3229 coercentibus
670 3167 832 3248 [indomitis
861 3168 963 3248 33333,
992 3167 1216 3249 ptcnpentibns]
1243 3169 1363 3229 Moeris
1393 3186 1457 3229 sese
1484 3172 1588 3227 nrrrtiso
1616 3167 1821 3245 conspicerent
1841 3166 1901 3227 ete.

294 3282 337 3365 Π,
365 3285 382 3344 7
402 3288 564 3365 pecunmm
586 3287 670 3367 apntd
691 3306 758 3349 enm
783 3287 971 3369 [puerperam]
994 3288 1143 3348 mansisse
1162 3286 1323 3368 probator.
1369 3285 1412 3366 ΙΙ,
1436 3286 1456 3349 8
1478 3292 1645 3368 supperunt
1670 3284 1756 3367 [repr]
1782 3284 1817 3345 cte
1840 3284 1902 3361 illo,

295 3412 329 3466 nt
356 3423 445 3466 snam
474 3422 665 3487 aequantium
692 3407 808 3469 sederet
836 3407 986 3469 tironem.
1041 3404 1084 3487 11,
1111 3408 1150 3470 38
1181 3409 1316 3488 episcopo
1344 3408 1448 3490 diripit
1480 3413 1674 3488 praeceptum
1706 3404 1774 3484 [toti
1805 3410 1905 3465 encre

297 3525 523 3607 conscriptuml.
570 3524 613 3607 Π,
639 3528 680 3588 53
704 3529 758 3590 itta
780 3546 896 3608 semper
918 3534 962 3589 est
982 3534 1072 3608 prate
1095 3527 1224 3606 collatio,
1256 3527 1309 3589 nbi
1329 3526 1459 3609 superba
1483 3526 1739 3588 condominatur
1764 3526 1905 3605 potesne·

297 3645 345 3721 tisl
371 3646 470 3707 etotic.
510 3644 609 3727 11,54
636 3645 702 3727 (qui
724 3646 815 3711 locus
835 3644 869 3710 in
891 3644 1033 3728 vulgatis
1054 3645 1192 3728 pessime
1215 3645 1344 3711 babitus
1366 3645 1496 3729 egregie
1518 3664 1558 3711 ex
1580 3645 1610 3708 R
1630 3641 1793 3709 emendari
1814 3648 1898 3727 pote·

294 3763 353 3844 rat)
384 3767 524 3828 notariiss
554 3769 636 3849 repis
662 3766 838 3848 respondit:¹
864 3766 1047 3848 patriarche
1071 3768 1176 3847 Cprito
1196 3767 1279 3829 dimit
1313 3769 1451 3850 tolloneos.
1499 3766 1635 3847 Superbe
1660 3773 1688 3827 et
1717 3766 1819 3827 illicite
1847 3763 1907 3826 sibi

293 3903 400 3946 nomen
421 3895 604 3967 renrrpntnm
624 3889 723 3949 nostri
743 3888 919 3950 (1333333333
941 3887 1119 3967 dicereris-tl:
1146 3888 1265 3969 tepenter
1287 3888 1371 3949 nobis
1393 3907 1449 3969 prro
1472 3886 1644 3949 concetecte
1666 3885 1748 3947 istud
1770 3884 1829 3946 sibi
1848 3904 1904 3946 nc-

295 4023 362 4067 men
386 4006 491 4087 Cprito
518 4007 697 4088 adsumpsit.
744 4006 786 4088 11,
813 4009 854 4071 co
884 4009 948 4088 ipse
974 4011 1006 4069 in
1035 4008 1189 4089 eoonpelio
1216 4008 1307 4069 dicit:
1342 4008 1350 4088 l
1357 4009 1421 4090 ‘epo
1450 4009 1481 4069 in
1508 4014 1599 4087 patre
1626 4014 1653 4067 et
1679 4013 1770 4086 poter
1799 4006 1831 4065 in
1858 4024 1904 4066 nce

294 4124 359 4207 est']
391 4135 419 4188 et
451 4127 516 4209 ‘epo
538 4134 567 4189 et
583 4133 675 4207 pater
695 4146 790 4188 norem
811 4127 940 4190 stemns'.
987 4126 1029 4206 11,
1056 4130 1097 4190 64
1126 4127 1181 4188 itta
1203 4146 1285 4206 vero,
1318 4146 1395 4210 pene
1424 4128 1461 4189 de
1487 4147 1520 4189 ec
1547 4126 1721 4209 [secundnm
1742 4126 1899 4206 bominem]

295 4245 481 4326 referuntur,
514 4248 677 4309 istasunt.
724 4245 766 4327 11,
793 4249 831 4309 77
856 4249 959 4309 Devitt
977 4249 1105 4328 3333333
1131 4247 1203 4328 [decl
1230 4250 1389 4328 aspirante
1415 4255 1554 4310 notetur.
1601 4247 1643 4328 11,
1671 4249 1711 4310 tu
1738 4255 1771 4310 nt
1800 4248 1832 4307 in
1854 4265 1904 4306 eo-

292 4366 359 4426 dem
380 4384 470 4446 opere
491 4367 530 4429 sit
555 4366 724 4448 [trinitatis]
757 4376 866 4448 operto
894 4369 1030 4450 capitilio.
1076 4366 1119 4443 Il,
1145 4368 1186 4430 86
1209 4368 1387 4429 vendiderat
1406 4371 1624 4449 possessionem
1649 4416 1657 4430 .
1678 4416 1684 4428 .
1706 4416 1713 4429 .
1738 4367 1903 4448 sttbpressa

290 4494 379 4566 pcrte
398 4488 545 4566 pecrsnine
558 4487 679 4550 dolones
695 4487 873 4569 discipules,
898 4489 1048 4570 reliquum
1067 4496 1197 4568 prototo
1213 4497 1282 4551 onte
1297 4489 1390 4570 pedes
1409 4490 1528 4569 [pertriti
1547 4489 1759 4567 apostotorum.
1799 4485 1841 4566 Π,
1861 4486 1901 4550 88

292 4606 365 4687 qnid
395 4613 494 4668 rentem
524 4608 561 4669 de
589 4627 648 4669 sno
676 4607 782 4689 ubique
809 4608 1004 4689 {praesentio}
1030 4609 1168 4670 solenter
1197 4610 1227 4669 in
1258 4610 1410 4690 evcnpetio
1433 4610 1499 4670 nit?
1542 4605 1600 4684 111,
1626 4609 1645 4667 2
1675 4608 1778 4688 lepem,
1810 4626 1900 4688 pteron

291 4725 405 4787 nterim
421 4726 591 4790 Christiani
604 4729 803 4808 imperatores
824 4729 923 4790 nostri
942 4735 1049 4789 contro
1072 4746 1121 4790 eos
1143 4737 1171 4791 et
1185 4736 1291 4790 eontra
1313 4729 1389 4790 alios
1412 4729 1575 4789 haereticos
1598 4746 1658 4807 pro
1679 4727 1902 4807 borrorilieentia

292 4848 432 4909 ecelesiae
459 4846 620 4909 cctboticce
652 4847 832 4929 [dederont]‚
864 4847 1014 4910 adversus
1043 4867 1098 4910 nos
1129 4849 1174 4910 itii
1198 4868 1367 4929 proponere
1396 4867 1456 4909 reon
1486 4847 1682 4910 ernlnrerunt.
1735 4845 1795 4927 ΙΙΙ,
1822 4847 1840 4906 7
1870 4855 1903 4910 in

292 4967 406 5029 tamdiu
428 4974 526 5029 essent
548 4968 670 5029 clausae
698 4965 888 5048 (ecelesiae),
921 4969 1065 5049 33333333
1094 4970 1218 5031 innitent
1239 4969 1280 5029 ud
1306 4968 1494 5049 [confitebant
1518 4969 1704 5050 propositum
1727 4969 1898 5049 peruenire.

290 5084 369 5151 ibid.
400 5087 530 5149 inductis
559 5106 659 5150 secem
690 5090 720 5149 in
750 5107 884 5149 errorem
914 5090 1144 5170 imperatoribus
1178 5089 1363 5170 ltcerpcruml
1397 5089 1597 5151 diversorem.
1651 5087 1710 5168 111,
1737 5090 1777 5149 29
1805 5090 1901 5151 omnis

291 5209 383 5269 simiel
404 5209 512 5270 civitas
528 5209 674 5270 cinctione
696 5209 804 5270 necati
824 5210 861 5270 tte
879 5211 1023 5290 proximo
1049 5210 1101 5290 [att
1118 5210 1310 5291 Hispaniam]
1335 5210 1509 5292 constepioit.
1557 5208 1615 5288 III,
1639 5210 1681 5270 tu
1699 5210 1901 5288 13333333ιί33-

292 5328 362 5389 dom
390 5327 499 5390 nobilis
523 5376 558 5389 ..
591 5350 611 5389 a
636 5329 817 5410 perentibus
845 5338 1007 5410 seperatus
1037 5339 1096 5402 est,
1133 5331 1250 5413 [matre]
1283 5333 1349 5393 sine
1377 5331 1559 5392 uerecundia
1589 5330 1753 5390 mritronoti
1776 5378 1782 5392 .
1804 5378 1811 5391 .
1833 5337 1901 5411 pust

358 5619 384 5682 *l
404 5625 456 5681 Qui
474 5622 570 5671 codices
587 5624 617 5671 sd
635 5623 699 5670 banc
715 5624 836 5671 semilism
854 5627 1012 5685 pertineant,
1039 5626 1112 5673 sarilo
1136 5631 1174 5673 est
1197 5629 1297 5686 cognitu
1320 5640 1376 5674 cum
1399 5640 1430 5674 ex
1455 5627 1629 5675 communibus
1653 5627 1763 5685 lscuuis,
1790 5632 1843 5675 tum
1867 5640 1898 5677 ox

289 5710 372 5756 obertu
389 5711 416 5757 in
435 5708 567 5769 archetypo
584 5709 744 5770 usnspcsits,
766 5725 788 5758 ν.
811 5710 894 5757 adnot.
914 5712 969 5758 crit.
991 5711 1021 5758 sd
1040 5711 1076 5758 lll
1096 5707 1112 5776 S
1129 5710 1146 5758 3
1164 5726 1188 5772 p.
1209 5709 1251 5771 lt,
1272 5709 1296 5758 4.
