4440 6276
1058 390 1206 445 ‹⁴³0R1PP1

708 578 810 643 omnis
832 579 937 644 amica
959 599 1083 645 manus.
1130 579 1219 644 desit
1240 587 1314 644 turno
1336 579 1437 645 tristis
1458 587 1565 644 arator·

598 728 602 739 .
707 679 881 746 disiunctos
904 681 1032 764 fugiens
1055 682 1163 747 hostes
1187 682 1333 765 rapuisse
1356 681 1518 746 iuvencos.

624 766 636 778 ⁸
705 791 781 849 tunc
802 804 913 849 omnes
936 785 1058 869 predere
1081 784 1211 863 domus,
1237 791 1313 850 tunc
1335 791 1449 849 errnota
1472 784 1629 868 supellex.

704 907 764 952 nce
786 888 875 952 solus
898 908 1020 972 pauper
1042 907 1118 952 casu
1142 906 1315 953 concussus
1336 887 1370 952 in
1392 886 1448 952 illo

704 990 881 1055 succubuit.
929 989 1020 1057 diros
1043 990 1162 1075 puriter
1184 1011 1255 1055 eum
1279 1009 1418 1074 paupere
1442 1008 1576 1055 mersus.

703 1100 776 1178 post
798 1092 977 1159 Solomonis
1000 1111 1077 1179 opes
1100 1093 1231 1159 libertas
1255 1093 1340 1158 facta
1363 1092 1501 1177 rapinis,

703 1216 762 1261 neo
784 1215 858 1280 pars
881 1197 949 1261 ulla
971 1196 1033 1262 fuit
1053 1197 1132 1263 belli
1154 1216 1266 1262 secura
1289 1195 1434 1280 maligni.

702 1306 810 1383 raptor
832 1299 950 1382 ubique
973 1299 1082 1365 furens
1104 1300 1198 1364 urbes
1222 1298 1386 1364 succendit
1408 1305 1440 1363 ct
1461 1317 1566 1382 agros.

701 1422 762 1467 nec
783 1422 878 1485 seges
901 1409 956 1467 aut
977 1402 1087 1484 arbor,
1116 1401 1257 1485 flagraum
1279 1421 1362 1483 quae
1384 1400 1519 1468 solvitur
1535 1401 1632 1484 igne,

702 1504 772 1569 sola
793 1505 885 1589 perit.
933 1525 1016 1587 quae
1039 1511 1129 1589 peste
1152 1512 1277 1585 carent,
1304 1512 1448 1570 anncnta
1471 1504 1606 1590 peredit.

700 1607 803 1672 omnis
825 1614 858 1673 ot
879 1629 897 1671 u
921 1606 1059 1672 dominis
1082 1607 1205 1672 calcata
1227 1615 1277 1672 est
1298 1606 1408 1673 Africa
1429 1606 1560 1672 Mauris.

700 1731 757 1794 pro
780 1710 885 1776 dolor!
934 1710 968 1775 in
992 1710 1113 1793 campis
1136 1709 1223 1775 acies
1242 1710 1306 1774 iarn
1328 1709 1443 1775 sistere
1465 1709 1571 1789 nulla,

698 1834 758 1879 nec
780 1813 882 1898 potuit
903 1815 1030 1878 clausos
1052 1812 1145 1878 miles
1168 1812 1342 1878 defendere
1365 1832 1483 1878 muros.

698 1917 856 1984 irascente
879 1917 939 1983 deo
960 1915 1129 1981 traduntur
1149 1923 1263 1982 ennete
1284 1915 1416 2000 rapinis.

699 2020 840 2104 perfidus
862 2027 894 2086 et
915 2020 1037 2087 Stutias
1059 2020 1171 2086 iterum
1195 2040 1252 2104 per
1273 2020 1361 2085 bella
1382 2018 1520 2085 cucurrit

698 2123 818 2188 Antala
840 2124 1024 2190 dominante
1046 2144 1121 2202 suo,
1148 2123 1325 2205 meruitque
1348 2129 1504 2206 tyrannus

697 2226 804 2292 omnia
826 2229 886 2294 sub
908 2227 1035 2319 domino
1056 2225 1216 2312 praedans
1238 2226 1417 2292 discurrere
1440 2225 1561 2290 Mauro.

536 2629 696 2727 LIBER
727 2629 983 2730 QVARTVS
1014 2628 1083 2726 llT
1115 2626 1356 2726 QVINTVS
1398 2628 1703 2753 (QVARTVS).

779 2843 863 2907 Dum
886 2843 992 2928 placet
1013 2839 1139 2907 infandi
1161 2860 1276 2906 nomen
1299 2862 1475 2909 memorare
1496 2842 1642 2926 tyranni,

692 2945 795 3029 surgit
817 2946 858 3011 ab
880 2945 1032 3027 internis,
1059 2944 1251 3010 conturbans
1274 2963 1366 3029 ossa,
1393 2944 1544 3011 medullis

691 3048 800 3114 durior
821 3068 897 3114 cccc
921 3048 1019 3114 dolor.
1068 3047 1202 3113 confusa
1224 3055 1329 3113 mente
1352 3047 1496 3114 retardor

690 3159 736 3218 tot
758 3151 868 3217 clades
890 3171 1065 3218 memorare
1089 3151 1204 3216 ducum
1228 3168 1384 3233 casusque
1407 3171 1548 3216 meorum

691 3261 787 3337 atque
811 3274 908 3320 meos.
957 3255 1050 3319 miles
1073 3253 1215 3338 trepidos
1237 3274 1301 3318 non
1323 3253 1407 3320 lidus
1429 3253 1540 3337 adegit

689 3356 817 3423 tradere
841 3357 935 3441 signa
956 3357 1061 3424 malis.
1109 3357 1241 3439 longum
1265 3364 1314 3422 est
1335 3377 1465 3422 namara
1487 3357 1622 3422 ruinam.

690 3460 749 3526 sed
771 3479 942 3526 memorem
965 3459 1060 3525 certis
1082 3459 1238 3524 bellorum
1262 3459 1394 3524 erimina
1416 3459 1533 3525 verbis.

776 3563 842 3628 dux
865 3569 934 3629 erat
955 3563 1108 3628 obsessae
1130 3569 1274 3627 servator
1296 3561 1458 3627 Himerius
1481 3563 1585 3644 urbis,

688 3666 814 3732 moenia
837 3666 949 3731 clausa
970 3673 1064 3731 tuens
1087 3673 1119 3730 et
1140 3666 1245 3731 celsas
1268 3665 1367 3732 milite
1389 3673 1503 3732 turres.

688 3790 706 3835 e
729 3769 845 3835 mediis
867 3769 1001 3835 miseros
1024 3769 1121 3833 traxit
1143 3768 1275 3834 fallacia
1296 3768 1396 3833 muris

687 3879 720 3939 et
740 3872 861 3937 Mauris
884 3871 1004 3937 servire
1027 3870 1125 3936 dedit.
1173 3892 1311 3953 namque
1334 3872 1411 3937 urbe
1435 3871 1559 3938 sedenti

686 3975 834 4041 blandior
855 3974 996 4040 infausto
1018 3973 1188 4040 mandatur
1211 3973 1350 4058 epistula
1372 3992 1481 4051 versu,

686 4077 814 4143 nomine
835 4077 955 4162 scripta
978 4077 1087 4155 ducis,
1113 4077 1269 4159 milesque
1292 4076 1442 4141 Sinonius
1464 4077 1587 4143 intrans

686 4200 758 4246 essc
781 4180 933 4245 lolrannis
954 4180 1009 4245 ait.
1058 4179 1195 4263 legimus
1217 4179 1370 4245 mandata
1390 4180 1519 4264 tyranni

685 4282 854 4347 credentes
877 4282 1029 4348 mandata
1052 4281 1153 4347 ducis.
1200 4302 1258 4347 nos
1282 4302 1380 4366 saepe
1402 4283 1570 4367 perillam

684 4385 829 4450 hortatur
851 4384 984 4457 mediis„
1010 4405 1069 4450 ceu
1092 4384 1173 4449 dux.
1200 4405 1364 4451 occurrere
1388 4385 1509 4469 campis

684 4495 717 4554 et
738 4488 857 4572 pariter
879 4507 1008 4573 sparsas
1031 4488 1211 4553 Maurorum
1236 4497 1379 4553 evertere
1402 4488 1516 4553 fossas.

683 4591 833 4656 attollunt
854 4591 978 4656 anirnos
1002 4591 1134 4656 confusa
1156 4599 1262 4657 mente
1285 4591 1413 4657 tribuni.

683 4694 776 4777 signa
798 4693 957 4758 movenda
980 4693 1105 4759 (lamus.
1152 4694 1250 4759 tacita
1274 4694 1415 4760 velocius
1437 4715 1516 4759 aura

683 4797 847 4879 egreditur
870 4795 935 4861 dux
957 4797 1027 4882 ipsc
1051 4797 1163 4879 simul,
1190 4797 1356 4879 noctisque
1380 4802 1446 4881 pcr'
1460 4797 1601 4863 umbram

682 4900 778 4965 currit
800 4919 896 4983 eques
919 4899 1015 4965 sociis
1038 4900 1172 4965 festinus
1194 4900 1327 4983 iumgcre
1350 4901 1460 4983 signa,

681 5021 780 5084 seque
803 5008 916 5087 putam
937 5002 1083 5067 tardasse
1106 5003 1177 5066 uiri.
1224 5010 1300 5068 tunc
1321 5011 1396 5068 ante
1419 5003 1557 5068 cucurrit

680 5104 800 5189 impius
823 5105 880 5170 ille
903 5105 1020 5188 Sinon,
1046 5113 1222 5190 gentesque
1245 5105 1397 5189 dolosque
1420 5105 1556 5192 paravit.

360 5345 411 5395 446
429 5361 514 5409 perere
536 5348 557 5394 Τ
659 5347 710 5398 448
729 5349 929 5411 parturitium,
950 5362 1044 5410 pauper
1065 5349 1085 5395 Τ
1189 5349 1240 5398 449
1258 5350 1384 5398 libcrteT
1488 5350 1537 5399 4511
1556 5353 1677 5400 socuuT
1779 5349 1829 5398 453
1847 5358 1919 5399 caret

289 5437 401 5478 armenta
418 5446 464 5492 per
480 5432 544 5481 oden
565 5434 586 5479 Τ
1173 5486 1176 5493 ,

363 5515 371 5564 1
393 5517 453 5564 dnm
471 5518 551 5580 placet
571 5518 659 5581 illusa,
685 5520 771 5568 ductor
789 5523 854 5568 iacet
875 5505 899 5567 Τ
1016 5520 1031 5568 5
1051 5522 1126 5568 milex
1145 5522 1258 5582 trepidus
1282 5523 1302 5568 Τ
1421 5522 1570 5571 §obsessae
1589 5522 1674 5583 ΒΜ,
1692 5522 1803 5570 obnexus
1823 5520 1851 5581 Τ,
1870 5523 1918 5569 olr-

289 5615 374 5650 seasus
388 5601 466 5653 illusa.
556 5606 660 5654 imerius
675 5605 696 5651 Τ
785 5605 812 5655 11
835 5608 895 5655 urbe
907 5608 1000 5667 scripsi,
1022 5608 1076 5654 urbi
1094 5608 1114 5653 Τ
1202 5606 1231 5655 15
1251 5622 1324 5669 saepe
1340 5609 1366 5668 T,
1386 5622 1478 5670 nempe
1490 5607 1606 5656 dubitem
1618 5606 1693 5655 aaa.
1785 5606 1816 5659 16
1833 5620 1879 5657 seu
1895 5608 1917 5658 T

290 5686 321 5736 18
339 5694 364 5735 at
383 5689 476 5736 tollunt
498 5688 519 5735 Τ
622 5687 654 5738 19
672 5692 726 5737 suri
747 5691 767 5738 Τ
868 5691 901 5740 23
919 5693 1019 5754 parauit
1037 5692 1126 5755 Muza,
1147 5695 1247 5755 putauit
1270 5694 1290 5741 Τ
