4440 6276
407 424 439 491 x
1098 418 1326 476 1111111111.

408 647 635 731 designaverit,
662 646 867 713 vehementer
882 645 1002 711 dubito.
1036 646 1063 709 Ε
1087 645 1269 728 regionibus
1292 644 1375 710 enim
1398 651 1463 709 tam
1486 645 1678 727 longinquis,
1705 665 1785 728 quas
1801 646 2025 731 Byzantiorum

312 760 314 764 '
409 767 567 833 exercitus
589 766 706 831 multos
735 786 793 850 per
821 784 922 830 annos
943 785 984 830 ne
1007 766 1179 849 attigerant
1207 765 1353 847 quidem,
1387 765 1515 829 hlauros
1544 765 1577 829 in
1607 765 1801 849 provinciam
1823 767 2025 851 Byzacenam

408 885 669 971 praedationibus
695 885 852 950 diuturnis
880 885 1067 951 exhaustam
1091 886 1265 950 accurrisse
1288 884 1343 948 vix
1367 884 1568 950 crediderim.
1614 886 1715 950 Erunt
1744 886 1868 969 forsan,
1902 888 1955 970 qui
1986 887 2026 953 de

410 1006 610 1071 Mauretania
631 1005 682 1071 hie
704 1005 791 1088 loqui
814 1005 985 1090 Corippum
1009 1024 1027 1068 e
1049 1005 1195 1070 versibus
1217 1004 1460 1086 insequentibus
1483 1006 1701 1070 demonstrare
1724 1025 1817 1090 posse
1846 1007 1907 1071 sibi
1936 1007 2028 1073 vide-

409 1132 513 1207 antur,
539 1126 654 1210 quibus
676 1125 828 1190 montium
851 1124 1049 1206 quorundam
1072 1124 1219 1206 altorum,
1245 1123 1418 1207 Agalumni

706 1261 860 1327 ‘nubibus
883 1261 916 1326 in
939 1260 1055 1325 mediis
1078 1262 1197 1326 celsum
1220 1260 1274 1341 qui
1296 1259 1380 1325 ferre
1403 1279 1554 1325 cacumen
1577 1261 1741 1343 cemitur',

410 1406 442 1466 et
457 1399 596 1465 Macubii
622 1399 721 1464 ‘caeli
744 1398 851 1463 sidera
874 1396 1096 1462 sustentantis'
1120 1403 1214 1481 pcata
1236 1397 1427 1461 mentionem
1449 1395 1536 1462 facit.
1571 1396 1656 1462 Satis
1679 1398 1808 1481 quidem
1824 1408 1946 1466 constat
1961 1408 2028 1467 tota
2062 1471 2069 1484 ¹

410 1521 539 1604 regione
569 1519 747 1601 Zeugitana
776 1525 913 1582 montem
942 1515 1065 1615 nullum
1094 1517 1203 1581 metris
1236 1519 1316 1580 1400
1345 1516 1489 1582 altiorem
1518 1515 1672 1599 inveniri,
1705 1518 1877 1584 Numidiae
1905 1529 2028 1586 montes

411 1661 511 1724 usque
534 1639 576 1704 ad
598 1645 768 1704 metrorum
784 1641 878 1717 2500,
905 1635 1122 1701 Mauretaniae
1138 1635 1329 1719 Tingitanae
1353 1655 1452 1719 usque
1476 1636 1517 1700 ad
1535 1640 1617 1701 3500
1633 1645 1802 1703 metrorum
1825 1639 2028 1706 altitudinem

413 1760 562 1827 eminere.
611 1758 676 1824 Sed
698 1757 816 1839 verbis,
841 1757 957 1839 quibus
981 1761 1074 1840 potita
1097 1745 1208 1838 utitur,
1230 1755 1381 1821 montium
1404 1754 1549 1838 illorum,
1582 1777 1661 1839 quos
1684 1757 1870 1843 scriptorum
1892 1760 2027 1825 aliorum

412 1900 505 1946 nemo
520 1877 704 1959 nominavit,
731 1875 865 1942 altitudo
888 1895 950 1940 non
971 1883 1037 1940 tam
1060 1883 1207 1940 accurate
1224 1873 1381 1955 delinitur,
1409 1883 1442 1940 ut
1457 1875 1656 1959 Zeugitanae
1670 1878 1882 1946 Numidiaeve
1905 1893 2029 1946 montes

412 2006 538 2085 puttam
567 1999 738 2064 denotasse
767 2016 887 2079 negare
915 1996 1021 2060 liceat.
1068 1995 1115 2060 Α1
1145 1995 1223 2060 mihi
1253 1994 1381 2077 quidem
1411 2015 1667 2080 —quamquam
1697 1997 1779 2063 hanc
1807 2000 2027 2081 quaestionem

411 2117 612 2203 profligatam
636 2117 889 2197 exhaustamque
910 2135 973 2180 non
996 2134 1111 2180 censeo
1133 2152 1175 2163 -
1197 2123 1262 2180 tres
1285 2134 1401 2180 causae
1431 2113 1518 2180 haud
1548 2116 1765 2200 spernendae,
1797 2120 1962 2202 quominus
1986 2120 2028 2184 ad

367 2288 370 2294 -
411 2237 642 2305 Mauretaniam
658 2236 786 2321 Corippi
801 2236 859 2300 hos
873 2254 985 2301 versus
1000 2236 1146 2316 referam,
1172 2237 1299 2301 obstare
1314 2235 1472 2299 videntur.
1504 2235 1644 2299 Primum
1659 2237 1878 2303 Mauretaniae
1893 2241 2028 2324 populos

410 2359 516 2435 bellis,
542 2378 624 2442 quae
647 2357 750 2422 Mauri
772 2356 933 2441 Byzaceni
956 2362 989 2420 et
1010 2354 1125 2439 Syrtici
1149 2375 1220 2419 cum
1236 2354 1399 2439 Byzantiis
1421 2360 1496 2420 tuno
1518 2364 1695 2437 gesserunt,
1722 2376 1793 2422 sese
1816 2357 2028 2426 immiscuisse

413 2499 472 2544 111
493 2478 665 2562 Procopius
687 2477 811 2541 aliusve
835 2476 920 2540 ullus
943 2441 1077 2559 soliptor
1099 2475 1269 2539 memoriae
1292 2474 1447 2558 prodidit,
1480 2495 1539 2540 nec
1568 2476 1664 2540 rebus
1690 2477 1836 2543 omnibus
1861 2480 2028 2563 perpensis

413 2616 471 2684 per
493 2617 528 2664 se
551 2598 619 2663 veri
642 2596 746 2661 simile
769 2596 906 2662 videtur.
952 2593 1078 2659 Deinde
1101 2580 1214 2658 mirum
1238 2613 1315 2659 sane
1338 2601 1424 2659 esset
1446 2594 1629 2679 Corippum,
1650 2583 1712 2677 ¹qui
1736 2605 1847 2679 gentes
1869 2599 2028 2664 Mauricas
2132 2668 2134 2673 ,

413 2737 582 2784 recensens
604 2736 667 2781 non
690 2717 800 2795 semel,
827 2735 921 2797 quam
945 2715 1040 2797 longe
1055 2713 1183 2778 remotis
1202 2733 1220 2779 1
1243 2713 1425 2797 regionibus
1440 2715 1652 2780 Romanorum
1675 2716 1782 2781 hostes
1804 2720 2025 2804 accurrissent,

413 2837 638 2921 1111111110),
657 2835 875 2901 Mauretaniae
890 2834 1082 2917 Tingitanae
1098 2833 1242 2918 populos,
1263 2832 1317 2915 qui
1333 2833 1472 2898 omnium
1488 2834 1674 2919 longissime
1693 2857 1713 2900 a
1728 2836 1866 2921 Byzacio
1881 2840 2025 2923 aberant,

411 2957 457 3022 ita
473 2975 676 3035 memorasse,
703 2959 811 3021 11111
826 2953 964 3039 spatium
979 2954 1094 3037 ingens
1109 2971 1164 3018 111
1180 2953 1392 3037 permigrasse
1407 2953 1550 3035 adderet,
1577 2974 1636 3020 nec
1651 2955 1778 3021 Oceano
1794 2963 1887 3023 tenus
1902 2959 2029 3024 Mauros
2060 3041 2062 3044 .

413 3085 534 3143 tantum
558 3098 621 3142 non
643 3096 752 3141 111111
775 3075 927 3141 Romanis
948 3075 1083 3139 infestos
1111 3073 1212 3137 fuisse
1243 3080 1442 3138 memoraret.
1491 3074 1611 3140 Oceani
1641 3082 1747 3140 autem
1770 3077 1939 3160 Atlantici,
1972 3081 2030 3145 At-

411 3198 508 3262 lantis
524 3197 651 3277 montis,
678 3194 896 3261 Mauretaniae
912 3193 1108 3277 Tingitanae.
1128 3200 1245 3257 certam
1269 3213 1307 3257 ac
1328 3192 1531 3259 manifestam
1554 3195 1745 3260 mentionem
1768 3203 1834 3262 tota
1852 3198 2029 3264 Iohannide

415 3316 533 3382 frustra
555 3315 764 3399 quaesiveris.
810 3314 957 3397 Denique
981 3312 1042 3378 loci
1064 3313 1177 3393 totius,
1203 3312 1236 3376 in
1259 3332 1320 3395 quo
1343 3313 1532 3398 explicando
1555 3333 1735 3397 versamur,
1761 3323 1905 3382 naturam
1929 3318 2031 3402 respi-
2058 3331 2061 3335 “

415 3437 505 3502 'ciens
528 3437 684 3520 quianon
707 3433 832 3514 viderit,
859 3454 953 3515 quam
977 3439 1044 3498 arte
1067 3438 1099 3496 et
1121 3452 1192 3496 oum
1215 3431 1411 3515 Zeugitanis,
1438 3433 1601 3517 quiante,
1628 3441 1752 3501 etcum
1776 3437 1878 3520 Syrtis
1901 3439 2040 3503 minoris³

417 3557 545 3637 accolis,
572 3556 626 3637 qui
649 3562 721 3640 post
742 3572 799 3619 111
821 3559 1042 3632 memorantur,
1070 3552 1180 3636 populi
1204 3551 1269 3633 isti,
1295 3572 1426 3634 quorum
1451 3552 1490 3618 de
1514 3553 1643 3619 sedibus
1666 3555 1868 3639 ambigimus,
1894 3577 1915 3621 a
1936 3564 2032 3642 pcata

418 3676 672 3759 coniunganturl
715 3674 834 3738 Mauris
857 3673 958 3754 enim,
989 3672 1043 3755 qui
1065 3670 1211 3736 Mercurii
1234 3672 1478 3756 promontorium
1502 3673 1715 3757 Curubimque
1737 3675 1937 3758 incolebant,
1963 3698 2033 3743 me-

417 3796 547 3861 moratis
569 3815 609 3861 ne
631 3796 728 3860 verbo
750 3793 879 3876 quidem
910 3793 975 3857 ullo
1004 3792 1068 3856 iam
1097 3791 1139 3855 ad
1168 3791 1266 3856 aliam
1290 3811 1417 3876 prorsus
1439 3800 1593 3859 terrarum
1616 3795 1829 3860 Mauricarum
1851 3804 1971 3881 partem
1997 3818 2032 3863 se

414 3916 577 3982 transilire
601 3921 697 4001 pcata
718 3914 850 3979 indicat.
898 3913 978 3977 Item
1001 3911 1160 3978 montibus
1190 3912 1256 3976 illis
1278 3911 1457 3995 Agalumno
1481 3921 1513 3979 et
1534 3914 1680 3979 Macubio
1702 3915 1840 3981 breviter
1863 3916 2032 4002 descriptis

417 4036 529 4102 eodem
551 4036 585 4100 in
608 4034 770 4100 enuntiato
793 4031 900 4098 statim
922 4031 1124 4117 adpopulos,
1150 4030 1205 4112 qui
1220 4030 1351 4115 Byzacii
1366 4030 1569 4117 Tripolisque
1584 4034 1618 4099 in
1634 4034 1769 4101 confinio
1785 4035 1887 4119 Syrtis
1902 4038 2031 4102 minoris
2136 4059 2142 4064 ·

418 4158 460 4224 ad
483 4177 554 4222 oras
576 4155 671 4220 sedes
693 4154 863 4232 habebant,
890 4172 925 4216 se
948 4152 1110 4217 convertit.

503 4309 679 4396 Epopulis
701 4308 785 4372 enim
808 4312 964 4389 quattuor,
990 4325 1121 4387 quorum
1144 4305 1273 4370 nomina
1295 4324 1422 4370 versum
1446 4310 1485 4369 75
1509 4309 1677 4393 complent,

847 4442 1006 4523 Astrices,
1032 4444 1250 4523 Anaoutasur,
1276 4442 1445 4525 Gadanus,
1471 4443 1609 4510 Imaclas

418 4585 552 4650 duorum
574 4583 668 4649 sedes
691 4589 741 4646 sat
763 4582 845 4646 bene
866 4579 1025 4644 novimus.
1064 4579 1209 4644 Nominis
1232 4580 1369 4645 lmaolas
1391 4580 1419 4645 si
1441 4580 1575 4665 primam
1598 4577 1736 4647 litteram
1760 4588 1781 4665 ι’,
1807 4604 1870 4666 qna
1892 4585 2034 4669 praefixa

419 4704 521 4770 Mauri
543 4704 701 4789 pluralem
723 4721 889 4767 numerum
913 4698 1151 4785 significans),
1178 4700 1364 4785 dempseris,
1395 4701 1547 4766 facillime
1568 4701 1739 4785 intelleges
1761 4703 1868 4786 gentis
1890 4705 2034 4770 eiusdem

419 4826 471 4891 hic
498 4824 689 4890 mentionem
720 4823 835 4887 fecisse
865 4828 1010 4906 pettam,
1043 4840 1137 4904 quarn
1167 4820 1237 4904 ipse
1259 4819 1308 4885 111
1330 4825 1392 4884 110
1415 4821 1555 4887 Mecales
1563 4822 1621 4905 ²²),
1654 4822 1832 4888 Herodotus
1854 4824 2029 4909 Machlyes,

418 4946 620 5010 Ptolemaeus
642 4940 812 5026 Machryes
834 4941 1071 5026 appellavitlll.
1118 4939 1283 5025 Machlyes
1306 4946 1413 5007 autem
1440 4940 1515 5005 inde
1545 4962 1565 5005 a
1587 4942 1782 5027 temporibus
1804 4942 2035 5026 antiquissimis

506 5272 548 5334 20)
568 5271 622 5320 loh.
644 5272 668 5319 ll
688 5271 729 5319 74.
750 5269 791 5320 85.

505 5357 546 5416 21]
568 5358 708 5406 Hanoteau.
729 5357 801 5404 Esset
821 5356 851 5403 de
869 5356 1015 5414 grammaire
1033 5355 1064 5402 de
1082 5356 1106 5402 la
1124 5356 1213 5415 langue
1232 5355 1379 5404 Tamaclreh.
1400 5355 1469 5403 Paris
1491 5354 1555 5405 1860
1574 5371 1598 5417 p.
1622 5354 1661 5403 15.

504 5442 545 5503 11)
566 5442 700 5504 Gorlppnm
719 5441 830 5490 eiusdem
849 5443 958 5490 nominis
976 5442 1061 5488 formis
1080 5441 1177 5488 duabus
1200 5442 1323 5502 llmaclas,
1346 5440 1459 5500 Mecales)
1488 5454 1562 5490 naum
1580 5442 1898 5503 111111111111111111,
1923 5444 1971 5490 lam
1995 5444 2036 5491 hic

419 5543 551 5577 memorare
575 5529 649 5576 liccat
672 5529 788 5576 similiter
810 5529 930 5589 populum
950 5526 1074 5586 Syrticum
1098 5527 1286 5575 celeberrimum
1305 5527 1376 5575 modo
1393 5527 1504 5588 llaguaa,
1530 5529 1601 5575 modo
1620 5527 1763 5587 Laguarrtau
1784 5542 1797 5574 a
1815 5529 1886 5591 pcata
1904 5528 2033 5590 appellari.

417 5614 454 5675 cf.
474 5630 499 5678 p.
520 5615 579 5662 llll.

504 5701 544 5762 rt)
566 5701 657 5749 Herod.
679 5700 715 5747 IV
737 5699 792 5749 118.
832 5699 895 5748 Ptol.
917 5699 953 5746 Ν
973 5698 996 5759 3,
1018 5697 1059 5747 16.
