4440 6276
1052 420 1199 474 (iosslrsr

701 607 850 691 frangere
873 628 935 674 non
957 609 1089 674 minimo
1111 609 1213 694 potuit
1236 608 1352 673 sudore
1375 607 1535 672 laborans.

701 710 840 776 discolor
862 711 946 776 hunc
968 718 1074 796 portat
1095 712 1232 777 maculis
1255 711 1396 776 variatus
1419 711 1452 774 in
1474 710 1557 776 albis

699 820 790 896 parte
814 813 906 897 niger
928 815 1073 898 sonipes,
1101 814 1237 898 gemmis
1259 833 1400 896 auroque
1425 813 1598 897 superbus,

602 953 604 958 ·
700 935 753 982 ore
776 913 932 999 fremens,
958 937 1151 1001 camposque
1174 917 1255 983 levis
1278 916 1427 981 discurrit
1448 915 1481 980 in
1504 935 1626 980 omnes.

650 1106 654 1113 ι
699 1019 823 1084 ferreus
844 1020 914 1105 ipse
939 1038 1014 1084 suas
1037 1040 1230 1105 componens
1252 1020 1364 1085 ordine
1387 1027 1509 1084 turmas

698 1122 785 1205 itque
808 1123 955 1205 reditque
977 1125 1108 1205 volans,
1135 1124 1237 1189 socios
1259 1131 1292 1188 et
1312 1123 1418 1188 firmat
1439 1128 1562 1188 euntes.

784 1227 969 1292 Fronimuth
992 1227 1106 1293 erectis
1129 1227 1220 1292 iuxta
1242 1232 1347 1292 movet
1369 1226 1498 1309 agmina
1520 1224 1622 1305 signis

698 1329 851 1412 impiger,
878 1335 910 1394 et
931 1330 1053 1414 eampis
1076 1330 1203 1394 socians
1226 1328 1390 1412 coniungit
1412 1328 1543 1412 apertis.

697 1430 766 1514 ipse
789 1431 866 1496 licet
886 1431 1012 1496 medius
1034 1432 1140 1497 cristis
1163 1440 1194 1497 et
1217 1431 1342 1496 casside
1365 1431 1495 1514 fulgens

697 1533 850 1615 emineat,
878 1535 1015 1618 ferrique
1037 1555 1119 1600 novo
1143 1534 1312 1618 splendore
1335 1554 1506 1599 coruscans

696 1636 790 1702 altior
811 1636 939 1702 adversi
963 1637 1069 1703 radios
1092 1644 1125 1703 et
1146 1638 1267 1702 lumina
1289 1637 1411 1703 Phoebi

696 1741 875 1825 suscipiens
898 1741 1040 1823 frangat,
1067 1741 1187 1806 densae
1209 1750 1317 1806 tamen
1341 1740 1481 1823 undique
1504 1745 1650 1824 saeptum

696 1843 858 1908 circueunt
879 1843 966 1907 acies
990 1844 1102 1928 clipeis
1124 1845 1291 1927 galeisque
1314 1844 1479 1909 micantes.

780 1946 944 2030 proximus
966 1946 1041 2011 inde
1064 1947 1152 2011 ciens
1174 1966 1321 2011 numeros
1344 1945 1537 2011 Maroeutius
1560 1951 1692 2026 urguet,

693 2048 845 2132 iussaque
868 2070 926 2133 per
949 2050 1032 2115 latos
1053 2050 1234 2115 discurrunt
1256 2048 1388 2132 agmina
1410 2068 1550 2133 campos.

690 2153 781 2217 illius
804 2160 836 2218 et
858 2153 963 2218 fulvos
986 2154 1087 2217 cassis
1108 2153 1224 2237 premit
1245 2173 1344 2217 aurea
1366 2152 1469 2217 crines

551 2278 598 2316 :a
693 2275 768 2320 aere
790 2255 899 2338 rigens
921 2255 1087 2338 cristisque
1109 2256 1235 2338 gravis,
1261 2256 1438 2337 thorusque
1460 2252 1643 2320 tremendos

693 2359 894 2442 suspendens
917 2358 1065 2423 humeros
1089 2358 1230 2441 squamis
1253 2358 1452 2442 fulgentibus
1474 2356 1591 2439 ambit,

693 2460 768 2525 dum
793 2461 922 2545 sonipes
944 2462 1099 2545 gradihus
1122 2461 1281 2546 componit
1303 2481 1396 2526 crura
1419 2460 1577 2545 superbis.

692 2564 810 2629 lumbis
831 2564 897 2629 tela
918 2565 1001 2648 gerit
1023 2565 1268 2649 pharetramque
1290 2584 1462 2647 arcumque
1485 2570 1649 2629 sonantem

693 2668 830 2749 cinctus,
858 2675 890 2734 et
910 2675 1038 2734 aeratas
1060 2668 1202 2733 referens
1224 2669 1257 2733 in
1280 2668 1367 2733 bella
1389 2667 1524 2749 sagittas
1563 2678 1565 2682 “

692 2771 848 2854 signaque
870 2771 1017 2837 terrificis
1040 2771 1142 2837 munit
1163 2772 1285 2836 vallata
1306 2771 1453 2837 tribunis.

691 2873 764 2938 hinc
788 2874 957 2940 Liberatus
980 2881 1049 2940 erat
1070 2875 1168 2958 longa
1190 2875 1401 2957 praestantior
1423 2873 1533 2955 hasta,

691 2976 766 3041 hine
788 2978 896 3042 Vlitan
918 2977 1068 3063 puleher‚
1095 2979 1193 3043 variis
1215 2977 1361 3062 depictus
1383 2978 1416 3042 iu
1438 2976 1554 3057 armis,

691 3080 742 3144 hio
764 3080 877 3145 melior
898 3081 981 3165 pilo,
1008 3102 1105 3146 curvo
1126 3102 1187 3147 neo
1209 3082 1337 3165 segnior
1358 3101 1445 3145 arcu.

776 3182 903 3249 flectere
926 3183 1129 3269 cornipedem
1151 3184 1288 3268 placidis
1310 3185 1392 3249 hene
1415 3183 1528 3248 doctus
1552 3182 1686 3248 habenis

690 3286 757 3351 ibat
778 3285 944 3368 lfisdaias,
970 3287 1076 3370 gentis
1099 3287 1280 3372 praelectus
1302 3294 1334 3351 et
1355 3293 1482 3366 auctor,
1516 3369 1517 3372 Ἴ

688 3409 782 3472 quem
806 3389 875 3454 fera
895 3409 976 3472 gens
999 3391 1159 3473 sequitur,
1186 3397 1260 3455 nato
1283 3391 1453 3456 eomitante
1467 3389 1627 3474 'Bitipteu

607 3511 609 3515 ¹
689 3511 770 3574 gens
791 3512 961 3557 numerosa
983 3493 1076 3575 viris,
1103 3500 1136 3558 et
1156 3494 1262 3576 gentis
1285 3493 1395 3558 vivida
1416 3494 1534 3569 uirtus,

688 3595 879 3678 ingenioque
903 3596 1015 3660 ualens
1037 3595 1142 3661 fuerat
1164 3595 1230 3661 dux
1251 3597 1321 3681 ipse
1343 3596 1467 3677 tidelis,

688 3698 820 3764 militiae
844 3698 1041 3781 ducibusque
1063 3699 1196 3783 placens
1218 3719 1397 3783 magnoque
1420 3699 1583 3781 magistro.

688 3808 784 3867 natus
807 3809 839 3867 et
861 3801 999 3867 eximius
1022 3802 1155 3887 sumptis
1177 3803 1411 3887 praesumptior
1432 3802 1548 3882 armis,

687 3926 747 3971 neo
770 3906 914 3987 genitore
937 3905 1055 3987 minor,
1081 3905 1197 3970 iaculis
1220 3906 1275 3988 qui
1297 3906 1424 3971 vincere
1448 3912 1555 3990 posset

686 4009 855 4074 Persarum
878 4015 1005 4074 teneras
1026 4029 1123 4074 nervo
1146 4010 1288 4093 pellente
1310 4010 1457 4092 sagittas.

773 4111 960 4185 commissas
981 4111 1068 4177 acies
1092 4111 1158 4176 dux
1179 4111 1311 4176 Turesis
1332 4119 1406 4177 aute
1429 4110 1611 4196 pedestres,

685 4213 787 4278 ardua
809 4215 903 4297 signa
924 4233 1073 4295 movens,
1099 4214 1198 4279 variis
1220 4214 1378 4298 componit
1399 4214 1432 4279 in
1455 4213 1563 4279 armis.

541 4354 554 4378 0
576 4341 589 4379 5
685 4317 755 4402 ipse
779 4337 836 4401 per
858 4316 1004 4399 obliquas
1027 4315 1196 4400 distinguit
1217 4318 1341 4401 proelia
1362 4325 1483 4383 turmas

685 4428 795 4485 vectus
818 4440 917 4503 equo,
944 4419 1127 4502 clipeosque
1150 4421 1217 4485 suis
1241 4421 1432 4504 coniungere
1455 4421 1566 4487 dictat.

684 4523 825 4589 tenditur
845 4523 879 4587 in
901 4523 1048 4605 longum,
1075 4524 1167 4589 ueris
1189 4523 1380 4589 umbonibus
1403 4524 1550 4595 horrens,

684 4627 799 4692 Martia
820 4646 878 4711 per
900 4626 982 4691 latos
1004 4626 1091 4691 acies
1114 4626 1310 4692 densissima
1331 4646 1471 4711 campos.

683 4749 841 4795 murorum
864 4729 898 4794 in
920 4749 1038 4794 morem
1062 4730 1206 4795 celantur
1229 4750 1361 4814 eorporu
1383 4728 1493 4795 densis

564 4858 568 4869 ·
619 4838 633 4850 ’“
683 4833 887 4916 tegminibus.
936 4833 1024 4897 solae
1047 4840 1204 4917 apparent
1224 4839 1297 4917 post
1319 4839 1410 4897 senta
1431 4833 1587 4917 bipennes

684 4944 715 5002 et
738 4956 881 5002 summae
904 4935 1018 5019 galeae
1042 4935 1146 5001 cristis
1169 4937 1320 5019 conisque
1347 4937 1512 5001 micantes.

683 5046 716 5105 at
739 5040 970 5123 supererectis
994 5039 1148 5104 horrescit
1169 5039 1294 5105 ferreus
1317 5039 1418 5104 hastis

683 5163 832 5227 campus,
857 5142 1104 5226 resplendetque
1127 5142 1219 5208 novis
1241 5143 1413 5208 terroribus
1436 5150 1502 5208 abr.

295 5301 349 5309 --n—

361 5385 410 5435 524
429 5388 499 5449 itque
511 5389 624 5450 reditque
639 5387 728 5445 Musa,
749 5386 825 5448 idque
837 5386 902 5433 redit
918 5386 938 5432 Τ
1039 5385 1089 5434 525
1107 5385 1249 5434 tromtnlcth
1269 5386 1306 5448 (iu
1317 5389 1429 5446 murqieoe
1446 5386 1586 5446 tromirrlch}
1607 5387 1693 5434 erettle
1711 5389 1777 5436 lucta
1794 5397 1881 5437 munet
1898 5389 1920 5436 Τ

291 5470 341 5519 530
360 5472 452 5520 derasae
464 5474 576 5533 Luehm.,
596 5475 628 5522 de
646 5473 710 5521 sel*
812 5471 857 5520 531
880 5474 1008 5519 circueunt
1023 5472 1043 5518 'P
1147 5471 1197 5520 535
1216 5486 1273 5520 aere
1291 5474 1375 5532 rigens
1386 5472 1473 5532 Belle,
1495 5474 1594 5532 erigens
1609 5472 1638 5531 Τ,
1659 5486 1715 5521 aere
1732 5475 1823 5534 lugens
1836 5472 1916 5541 blesa.

292 5554 342 5624 536
360 5558 567 5619 eubependeusT
666 5557 716 5608 538
734 5558 934 5620 pharetraqneT
1031 5559 1081 5608 539
1099 5564 1194 5607 aeratae
1208 5557 1351 5619 Mommsen,
1365 5560 1498 5608 euramsT
1596 5557 1646 5608 5⁴2
1664 5560 1746 5608 ullteu
1761 5560 1796 5623 (to
1806 5563 1918 5622 moratae

290 5644 442 5705 utiliteulT
533 5646 582 5695 545
601 5646 716 5694 inseruire
731 5645 888 5705 (inmusulus
900 5646 1054 5706 ldareiesJT
1141 5645 1189 5694 545
1208 5646 1316 5717 bitipteu
1332 5647 1367 5705 (iu
1378 5649 1489 5705 morulae
1502 5646 1646 5707 bltimpten)
1667 5645 1688 5692 T
1775 5645 1824 5695 552
1843 5654 1915 5695 ωηο·

288 5742 328 5776 res
349 5729 374 5790 T,
394 5730 486 5778 celares
506 5731 585 5781 Mirer.
692 5730 742 5779 553
761 5733 851 5779 teraslo
871 5733 908 5792 (tn
924 5731 1202 5792 materterarum*
1305 5730 1354 5779 562
1372 5734 1473 5778 orreectt
1494 5731 1514 5776 Τ
1618 5730 1669 5780 563
1687 5730 1832 5794 resplendet
1849 5730 1917 5782 Μ·
