4440 6276
1043 406 1190 460 ttontl’r’l

673 615 726 657 ore
750 594 907 674 fremens,
935 593 1115 676 frangitque
1140 594 1224 658 viros
1248 593 1361 657 uirtute
1385 599 1543 675 potentes.

673 697 878 779 congreditur
900 697 968 763 viso
991 717 1049 760 nec
1071 697 1200 761 territus
1223 697 1313 760 hoste
1337 696 1482 760 tribunus
1547 773 1555 785 ι

672 800 779 879 irruit,
806 798 995 882 infensoque
1018 800 1121 862 virum
1143 819 1292 863 mucrone
1315 799 1455 882 petebat.

673 911 747 966 ante
771 902 829 966 sed
851 902 1028 986 oppositam
1052 902 1200 965 transisit
1220 902 1334 965 lancea
1359 921 1520 984 pamram.

672 1005 768 1087 inque
792 1004 852 1068 viri
876 1005 972 1067 costis
995 1005 1060 1068 lato
1083 1004 1170 1068 stetit
1192 1004 1336 1087 improba
1358 1003 1451 1066 ferro.

758 1108 901 1171 nascitur
921 1106 997 1170 inde
1021 1107 1138 1188 fragor.
1186 1106 1313 1186 magnis
1336 1112 1485 1169 montana
1510 1105 1664 1169 resnltant

673 1209 822 1285 uocibus,
849 1216 882 1274 et
903 1209 1003 1272 fracto
1026 1208 1185 1272 crudescit
1207 1227 1315 1292 pugna
1337 1208 1484 1271 tumultu.

673 1312 810 1376 Antalae
832 1312 934 1376 virtus
957 1312 1115 1375 uenientis
1138 1311 1270 1375 suscitat
1296 1310 1379 1386 irae,

673 1435 826 1499 spemque
850 1414 939 1478 dedit
961 1414 1065 1478 victis.
1112 1414 1225 1478 iterum
1249 1432 1433 1476 concurrere
1456 1417 1590 1476 certant.

673 1517 804 1598 agmina
827 1516 1002 1580 densantur
1024 1516 1163 1592 cunctis,
1190 1515 1340 1597 aciesque
1363 1522 1528 1578 novantur.

673 1620 743 1703 ipse
768 1620 821 1684 ubi
844 1619 987 1683 collectis
1010 1618 1147 1683 firmavit
1170 1619 1281 1682 robora
1304 1619 1432 1698 tunnis,

674 1744 732 1806 per
753 1722 876 1786 medios
899 1743 993 1786 enses
1016 1722 1162 1803 quatiens
1185 1722 1358 1785 acerrimus
1382 1721 1506 1785 hastam

673 1825 779 1905 irruit,
806 1834 838 1889 et
860 1824 977 1889 densos
1002 1824 1140 1889 volitans
1162 1824 1320 1908 perfertur
1341 1825 1374 1887 in
1398 1824 1516 1888 lrostes.

760 1928 874 1991 obvius
896 1928 1022 1992 ardenti
1045 1928 1165 2011 primns
1188 1947 1258 1991 sese
1282 1927 1396 1991 obtulit
1420 1930 1543 1993 Ornus.

677 2030 832 2094 lfomulea
853 2051 916 2093 non
939 2038 1034 2112 gente
1058 2036 1165 2111 satus,
1192 2050 1286 2111 quem
1311 2030 1439 2093 Persica
1462 2038 1563 2094 mater

676 2132 780 2196 edidit
801 2133 843 2196 ad
866 2133 1004 2211 bellum,
1031 2132 1136 2214 rapuit
1158 2139 1263 2195 tamen
1287 2132 1397 2195 Africa
1418 2133 1512 2195 matri

551 2258 581 2293 rr,
677 2236 813 2298 Antulae
837 2242 1006 2318 superante
1030 2255 1136 2297 manu.
1184 2255 1321 2317 namque
1344 2236 1465 2299 arduus
1488 2235 1611 2300 lrastam

679 2338 799 2402 viribus
820 2337 1023 2420 intorquens,
1050 2338 1189 2421 clipeum
1211 2338 1369 2402 transfixit
1392 2345 1423 2401 et
1447 2338 1582 2402 herotem.

678 2440 821 2523 protinus
844 2440 976 2506 infelix.
1004 2440 1079 2504 fatis
1101 2441 1228 2505 oblatus
1249 2440 1387 2522 iniquis,

678 2543 808 2606 Arsacis
831 2542 979 2621 occurrit,
1006 2543 1103 2607 crudo
1126 2563 1218 2623 quem
1244 2543 1387 2607 fervidus
1410 2562 1486 2607 ense

678 2646 814 2709 Antalas
837 2645 976 2708 medium
999 2653 1141 2723 truncat,
1167 2667 1231 2726 qua
1254 2645 1391 2727 cingitur
1413 2653 1534 2721 artum,

679 2755 815 2830 extaque
838 2768 895 2831 per
917 2748 1062 2829 geminas
1085 2748 1186 2812 secuit
1209 2749 1363 2832 spirantia
1385 2757 1503 2833 partes.

678 2850 753 2914 inde
776 2850 850 2914 ferit
871 2850 1023 2934 pavidum
1047 2871 1201 2915 conversa
1224 2852 1356 2935 cuspide
1379 2852 1535 2929 Maleum,

678 2953 917 3033 Artemiumque
941 2951 1050 3017 furens
1072 2961 1105 3018 et
1126 2953 1205 3018 duro
1227 2954 1353 3019 nomine
1376 2956 1519 3020 Maurum

678 3055 887 3138 transadigit,
914 3055 1062 3138 socioque
1085 3057 1202 3121 infixus
1225 3055 1323 3120 deicit
1344 3057 1452 3122 ictum.

764 3158 885 3222 Zudius
907 3158 1033 3223 eximiis
1056 3159 1152 3241 longe
1176 3160 1409 3243 praesumptior
1430 3161 1528 3224 armis

534 3286 539 3320 ι
569 3284 581 3319 a
679 3268 855 3345 contempto
878 3260 978 3344 pedes
1001 3262 1068 3325 ibat
1090 3282 1189 3344 equo,
1216 3262 1388 3345 turbasque
1411 3263 1557 3327 tribunus

678 3364 812 3428 hostiles
835 3364 999 3428 sternebat
1021 3384 1132 3428 orans.
1179 3365 1306 3446 iamque
1329 3365 1386 3429 ille
1410 3365 1569 3429 blisantan

679 3465 806 3530 fuderat
826 3473 858 3530 et
880 3466 1027 3530 l'iseran.
1073 3467 1204 3531 'l'iseras
1227 3467 1267 3531 dc
1291 3468 1384 3551 plebe
1408 3468 1538 3546 rebelli,

677 3569 867 3633 Mansitalas
889 3569 1039 3652 pinnatus
1061 3577 1138 3634 erat.
1186 3577 1261 3635 tunc
1284 3570 1380 3634 mittit
1401 3570 1443 3634 ad
1467 3571 1597 3636 umbras

679 3671 831 3735 immitem
855 3671 987 3753 Sangin.
1034 3671 1189 3735 tumidum
1214 3673 1401 3756 compressit
1422 3674 1574 3737 rimarum

680 3783 712 3839 et
734 3775 865 3838 Garafin
889 3774 1072 3857 'lilifanqne
1095 3773 1175 3838 dnos
1198 3796 1255 3858 per
1276 3777 1411 3840 vulnera
1433 3776 1548 3841 fratres

681 3878 792 3942 stram
815 3878 912 3941 bumi.
962 3877 1059 3942 frater
1080 3877 1264 3942 morientem
1289 3878 1369 3942 vidit
1392 3887 1523 3961 uterque

680 4001 867 4063 germanum
891 3980 1038 4044 moriens.
1087 3981 1256 4045 doluerunt
1279 3990 1407 4065 pectora
1429 3983 1540 4046 matris

679 4092 822 4166 tempore
846 4091 910 4147 tam
934 4084 1029 4165 longo
1051 4083 1158 4148 tristes
1181 4102 1317 4167 passura
1338 4084 1476 4149 dolores.

680 4187 764 4250 lrunc
787 4186 894 4269 procul
918 4186 1083 4250 ardentem
1106 4206 1240 4250 cernens
1263 4208 1283 4250 a
1306 4187 1387 4251 colle
1410 4187 1543 4252 Sidafen

536 4314 541 4336 ι
574 4314 584 4350 ·.
680 4289 793 4353 obvius
815 4288 861 4352 ire
884 4296 986 4372 parat.
1034 4297 1108 4353 tunc
1131 4290 1257 4371 Syrtica
1280 4290 1437 4355 contrabit
1458 4311 1565 4372 arma,

680 4391 982 4474 magnanimumque
1006 4391 1085 4475 petit
1107 4392 1283 4457 ferventem
1307 4393 1405 4457 caede
1428 4394 1607 4459 tribunum.

678 4515 771 4578 quem
794 4513 946 4559 numerus
968 4495 1131 4577 virtusque
1155 4496 1280 4579 premit.
1328 4495 1516 4561 circumfluit
1539 4497 1639 4562 hostis

678 4598 815 4679 densus,
842 4606 873 4661 et
895 4596 1022 4661 iniectis
1045 4598 1232 4681 perturbant
1256 4598 1396 4680 undique
1419 4600 1504 4664 telis.

676 4701 814 4783 infigunt
835 4700 1014 4782 feriuntque
1039 4700 1152 4764 virum.
1199 4708 1274 4766 tunc
1296 4703 1385 4767 mille
1408 4711 1607 4787 peremptum

678 4804 785 4867 hostes
808 4803 994 4868 vulneribus
1016 4802 1122 4867 media
1146 4810 1287 4868 stravere
1311 4826 1477 4888 perarua.

764 4914 903 4971 verterat
925 4907 1068 4990 expulsis
1091 4906 1179 4970 acies
1201 4927 1259 4989 per
1281 4907 1378 4971 devia
1400 4908 1520 4991 signis,

678 5010 912 5093 impuleratque
936 5009 1035 5073 duces
1057 5016 1157 5073 terror
1180 5016 1250 5092 νοεῖ
1271 5017 1362 5092 terga
1385 5010 1501 5074 redire.

361 5184 406 5233 881
429 5187 572 5247 infessoqne
588 5184 608 5231 Τ
704 5187 752 5233 ecit
772 5185 864 5231 cunetis
876 5184 925 5230 leto
941 5183 961 5228 Τ
1057 5182 1107 5231 898
1126 5185 1222 5230 seiunctis
1238 5184 1263 5242 T,
1279 5186 1372 5246 cample
1387 5183 1476 5246 blora,
1491 5185 1660 5235 contiscere.
1760 5187 1810 5236 889
1829 5191 1873 5238 ubl
1887 5191 1916 5249 Τ,

292 5278 320 5318 ut
338 5274 396 5331 teuit
411 5270 489 5319 Moza.
595 5269 644 5320 892
664 5272 752 5319 octnlit
770 5270 790 5316 Τ
892 5267 1112 5318 centemnens
1214 5283 1263 5316 nou
1279 5271 1308 5323 Τ,
1328 5270 1359 5317 de
1374 5269 1452 5319 Muza.
1560 5272 1657 5320 Persica
1677 5271 1922 5335 llusz.,perfld21⁴

290 5355 340 5405 890
359 5364 385 5404 et
405 5356 492 5413 blau„
515 5359 539 5404 in
563 5357 582 5402 Τ
696 5355 956 5416 saecularesque,
977 5369 1060 5402 arcam
1082 5355 1112 5415 Τ,
1131 5369 1202 5403 arcus
1222 5354 1298 5404 Maza.
1415 5358 1464 5405 900
1484 5357 1678 5418 transadegitl'
1789 5360 1839 5409 aba
1857 5375 1919 5410 corr·

290 5448 360 5490 teuto
377 5443 441 5503 pede
464 5443 484 5489 Τ
599 5441 649 5492 906
668 5444 793 5491 missetan
816 5444 845 5505 Τ,
865 5443 994 5490 Νιιειιιωι
1013 5443 1072 5501 byn
1091 5440 1170 5489 Maza.
1274 5447 1329 5502 post
1347 5457 1443 5490 ameum
1462 5444 1512 5490 906
1530 5458 1614 5492 vernas
1630 5458 1696 5491 unna
1714 5444 1862 5494 canusa
1880 5449 1921 5494 ot·

289 5526 375 5588 detur,
395 5531 438 5589 qut
455 5528 586 5588 finiebatur
604 5529 674 5577 verbo
693 5529 892 5590 Mansttslsuqne
1013 5526 1062 5574 9οἶ
1082 5528 1171 5575 tisiran
1195 5527 1215 5573 Τ
1330 5527 1380 5577 909
1398 5530 1484 5576 mozin
1504 5532 1530 5576 in
1548 5531 1635 5589 snagin
1657 5534 1668 5576 1
1688 5545 1723 5580 m.
1741 5536 1866 5580 mutem
1888 5532 1917 5593 Τ,

289 5614 394 5672 Sengrin
415 5615 472 5673 legit
494 5615 571 5663 bloet.
691 5617 837 5677 compressit
856 5614 946 5674 Mosa,
969 5615 1095 5674 impressit
1115 5614 1143 5672 T,
1165 5616 1191 5661 ni
1210 5615 1300 5675 pressit
1322 5614 1433 5669 Laetum„
1454 5613 1488 5674 cf.
1510 5618 1560 5662 989
1675 5616 1722 5665 etr
1744 5624 1878 5679 ntronrqne
1900 5619 1923 5666 Τ

289 5697 339 5745 919
358 5701 425 5746 mille
445 5699 532 5761 Beleia,
552 5701 595 5747 ille
618 5700 646 5751 Τ,
668 5707 744 5748 morte
764 5699 841 5749 Musa.
948 5707 1080 5762 perentam
1102 5700 1122 5746 T
