4440 6276
994 454 1005 471 ,
1023 405 1172 461 CORIPPI

676 595 807 660 ‘dinam
830 617 895 662 rem
918 596 1044 681 petitis,
1070 596 1250 678 frustraque
1272 594 1415 672 instatis,
1441 595 1547 659 amici.

554 717 577 753 r·
673 718 748 780 ergo
770 699 971 784 superposita
993 706 1088 783 caput
1109 699 1170 762 boe
1191 699 1309 763 ornabo
1332 718 1462 780 corona,

672 801 800 882 quando
822 802 976 867 Iustinum
1000 802 1121 867 tristem
1144 801 1235 867 decet
1256 808 1351 867 esse?
1378 821 1434 885 per
1455 802 1561 865 orbem

672 902 748 968 flere
770 905 857 970 libet.
906 912 1027 987 patrem
1050 924 1102 969 res
1125 905 1253 989 publiea
1275 905 1380 989 perdit
1402 912 1433 969 et
1455 903 1558 982 orbis,

671 1026 733 1069 nou
756 1008 927 1073 dominum.
975 1029 1068 1091 quem
1091 1028 1153 1072 nou
1176 1008 1335 1072 hominem
1358 1007 1476 1091 pietate
1499 1006 1638 1089 benigna

672 1109 841 1194 continuit,
867 1111 962 1192 fovit,
988 1112 1127 1194 monuit,
1153 1110 1297 1191 nutrivit,
1324 1111 1463 1176 amam't‘?

673 1218 833 1278 ettamen
855 1213 990 1278 innocuo
1014 1215 1122 1298 plures
1145 1215 1274 1278 volucre
1296 1233 1423 1278 nocere.

672 1335 734 1379 non
757 1325 843 1381 caret
866 1317 987 1381 insidia
1009 1318 1100 1399 regni
1123 1318 1223 1382 loeus.
1268 1316 1323 1380 ibo
1345 1324 1494 1400 paternas
1539 1364 1542 1369 -

671 1419 771 1483 tristis
793 1420 825 1483 in
848 1420 1017 1503 exequias:
1043 1421 1167 1502 regalia
1188 1419 1282 1502 signu
1303 1422 1440 1484 recuso'.

758 1523 836 1587 talia
858 1522 992 1588 dicentis
1015 1522 1151 1607 pedibus
1173 1530 1331 1607 prostrata
1352 1523 1523 1605 iacensque

673 1624 775 1688 omnis
797 1625 889 1690 turba
911 1626 1006 1689 simul
1033 1625 1122 1710 ‘pius
1146 1646 1198 1706 es,
1226 1625 1390 1690 miserere'
1414 1633 1539 1710 perorat

571 1761 577 1783 ›
677 1727 908 1811 ‘supplicibus,
936 1728 983 1791 vir
1006 1735 1131 1808 sancte,
1158 1729 1237 1793 tuis:
1266 1748 1413 1793 succurre
1438 1728 1576 1813 periclis.

673 1831 778 1894 omnia
800 1851 873 1894 mox
896 1832 1042 1896 veniente
1065 1831 1117 1895 die
1140 1831 1273 1916 periisse
1297 1832 1439 1915 videbis,

673 1933 700 1996 si
724 1954 856 1997 vacuam
881 1934 996 2017 virigus
1020 1934 1088 1999 siue
1111 1934 1254 2018 principe
1276 1935 1412 1999 senserit
1433 1935 1552 1999 aulam.

673 2044 961 2119 quantumcumque
983 2037 1058 2102 boui
1080 2046 1207 2102 niltveat
1228 2036 1355 2103 dilectio
1377 2038 1494 2122 patris,

672 2160 734 2203 uon
758 2140 800 2204 sit
820 2161 908 2204 amor
930 2141 1053 2224 patriae
1075 2141 1177 2224 patrio
1200 2141 1312 2205 minor.
1358 2141 1427 2225 ipsc
1450 2149 1558 2206 tenere

673 2250 798 2327 sceptra
819 2251 892 2308 tuus
915 2243 1053 2308 moriens
1075 2251 1106 2308 te
1128 2243 1223 2308 iussit
1244 2245 1421 2309 avunculus
1443 2264 1508 2308 ore.

673 2346 780 2430 aspice
803 2353 923 2427 quanda
944 2347 1005 2411 fuit
1028 2354 1154 2412 nostrae
1176 2347 1269 2410 simul
1295 2347 1381 2412 urbis
1404 2354 1436 2412 et
1457 2347 1543 2412 orbis

673 2449 806 2532 provida
829 2469 905 2513 cura
927 2450 1008 2514 seni.
1054 2457 1164 2534 prote
1186 2448 1266 2514 deus
1289 2450 1396 2515 onmia
1417 2449 1508 2532 fecit,

674 2572 756 2635 quae
779 2553 847 2617 fieri
870 2553 979 2617 voluit.
1028 2553 1142 2617 solium
1165 2552 1342 2618 conscende
1366 2561 1549 2637 paternum,

675 2662 706 2719 et
727 2676 803 2738 rege
826 2655 1021 2738 subiectum,
1047 2655 1196 2740 princeps
1219 2654 1407 2737 fortissime,
1434 2656 1596 2721 mundum.

566 2778 579 2815 a
673 2777 773 2822 aurea
794 2766 943 2824 nascetur
964 2759 1055 2824 vobis
1078 2759 1286 2842 regnantibus
1309 2767 1415 2840 aetas,

674 2880 733 2924 uec
755 2869 882 2926 nmtans
904 2860 1049 2926 dominos
1072 2863 1214 2926 Romana
1236 2861 1397 2926 videbitur
1418 2859 1519 2925 auia‘.

760 2965 891 3029 vocibus
913 2965 963 3029 bis
985 2965 1087 3031 tlexus
1110 2965 1207 3030 cessit
1229 2964 1374 3029 tandem:
1402 2964 1463 3029 itur
1485 2964 1517 3028 in
1539 2983 1645 3028 arcem

675 3067 829 3149 obsequio
853 3068 1021 3133 olunitaute
1044 3076 1181 3152 patrum.
1227 3067 1410 3150 gratissima
1434 3067 1546 3131 coniux

674 3170 892 3253 subsequitur,
919 3192 981 3235 non
1003 3180 1079 3236 tnnc
1101 3172 1193 3236 solito
1215 3171 1334 3256 stipata
1355 3170 1503 3235 tumultu.

673 3273 825 3338 incedunt
846 3275 953 3339 media
975 3295 1118 3339 securam
1142 3282 1232 3339 nocte
1254 3294 1312 3358 per
1334 3275 1443 3339 urbem

674 3377 777 3441 fronte
799 3397 910 3461 parum
934 3377 1027 3455 laeti,
1054 3376 1201 3460 quamm's
1223 3376 1384 3460 gaudente
1407 3383 1520 3441 senatu

674 3478 840 3564 imperium
864 3488 1023 3564 peterent,
1049 3500 1239 3563 quamquam
1264 3480 1370 3544 onmia
1390 3487 1459 3545 tuta
1482 3479 1637 3545 riderent.

675 3581 793 3647 divinis
816 3583 931 3647 animis
952 3583 1057 3648 inerat
1079 3582 1169 3647 dolor
1191 3583 1245 3647 ille
1268 3582 1421 3667 parentis.

674 3692 748 3751 ante
771 3685 840 3770 pios
862 3688 971 3751 oeulos
993 3686 1079 3751 mitis
1102 3694 1246 3751 versatur
1269 3685 1385 3769 imago.

567 3833 571 3844 .
673 3787 732 3852 ilia
753 3797 859 3854 movet
880 3797 1035 3871 mentem,
1062 3789 1249 3874 penitusque
1273 3789 1305 3852 in
1327 3795 1453 3873 pectore
1476 3795 1607 3869 utroque

674 3890 812 3956 indiuisa
833 3912 965 3956 manens
988 3892 1042 3976 pia
1063 3891 1194 3956 numina
1215 3892 1343 3956 numine
1366 3891 1513 3975 complet.

760 3994 857 4059 limen
879 4004 914 4060 ut
936 3996 1101 4078 Augustae
1124 4015 1213 4060 sacro
1236 3994 1318 4079 pede
1341 3993 1473 4076 contigit
1493 3994 1604 4074 aulae,

674 4097 780 4162 omnia
801 4098 958 4180 gallorum
982 4105 1183 4182 strepuerunt
1205 4097 1345 4162 culmina
1367 4104 1471 4162 cautu.

674 4208 818 4265 exactam
842 4208 965 4266 noctem
988 4201 1081 4286 primi
1104 4220 1233 4266 sensere
1255 4201 1416 4279 volucres,

638 4316 641 4321 ’
674 4311 706 4369 et
729 4304 847 4367 luctum
872 4303 1015 4368 cecinere
1038 4302 1138 4381 diem,
1165 4304 1351 4384 alarumque
1374 4302 1491 4368 dedere

673 4406 841 4489 plausibus
862 4406 1009 4471 adsiduis
1032 4415 1064 4470 et
1084 4413 1179 4471 acuta
1202 4426 1278 4471 voce
1300 4406 1452 4470 favorem.

760 4509 913 4574 excubiae
935 4509 1087 4593 primum,
1114 4528 1196 4591 quae
1220 4529 1344 4573 surunia
1365 4509 1486 4593 palatia
1507 4517 1651 4586 serrant,

674 4612 841 4697 imperium
865 4611 943 4677 felix
966 4611 1104 4676 dominis
1124 4610 1316 4677 intrantibus
1339 4619 1464 4695 optant,

674 4724 707 4781 et
728 4724 857 4781 cunctos
877 4715 985 4804 aditus
1007 4722 1128 4780 armato
1150 4715 1250 4780 milite
1273 4715 1410 4796 vallant,

531 4842 536 4856 ·
566 4842 579 4881 s
674 4840 715 4885 ne
737 4819 809 4902 quis
831 4819 865 4883 in
888 4820 1066 4902 Augustam
1089 4818 1264 4884 contrarius
1286 4818 1405 4883 audeat
1427 4818 1532 4882 aulam

674 4922 832 4987 infensum
856 4922 997 4988 conferre
1019 4921 1145 5007 pedem.
1193 4921 1319 4987 devotio
1343 4928 1432 4987 tanta

674 5034 770 5108 atquc
793 5026 954 5090 homiuum
978 5026 1104 5091 cautela
1125 5024 1185 5089 fuit
1207 5025 1383 5108 sollersque
1405 5026 1557 5090 bononrm

674 5127 855 5193 sollicitudo
877 5134 1011 5213 patrum.
1058 5148 1132 5193 uam
1154 5127 1226 5210 quis
1247 5135 1417 5212 temptaret
1438 5129 1569 5212 obesse,

360 5375 405 5424 161
425 5377 502 5424 emilii
522 5374 549 5422 M
671 5373 717 5423 166
736 5387 791 5420 esse
810 5386 854 5434 por
870 5373 954 5420 orbem
975 5370 1009 5433 M,
1030 5386 1085 5420 csse
1103 5376 1173 5434 patre
1190 5373 1276 5420 orbum
1295 5372 1380 5432 Barth,
1401 5387 1436 5420 ua
1453 5386 1549 5420 aarum
1567 5376 1646 5421 totum
1663 5374 1775 5434 mnrium
1791 5376 1903 5433 mederet,

289 5461 412 5522 dubitans,
432 5477 497 5511 esse.
516 5467 611 5524 patrem
630 5463 695 5509 orbis
715 5461 788 5520 Fopp.
903 5458 948 5506 lot
968 5459 1052 5520 perdit
1069 5466 1094 5505 et
1114 5457 1149 5520 M,
1170 5457 1280 5520 perdidit
1298 5458 1372 5518 Popp.
1482 5457 1529 5506 116
1547 5459 1642 5522 perisse
1662 5458 1691 5504 M
1794 5460 1841 5509 iil
1860 5476 1906 5509 na-

289 5562 364 5610 quam
385 5547 412 5595 M
516 5546 564 5596 118
583 5548 681 5594 mobeut
700 5545 727 5592 M
833 5544 879 5594 116
898 5546 977 5592 teneri
998 5544 1025 5591 Μ
1043 5570 1048 5599 ι
1128 5544 1295 5594 leonidam
1315 5544 1342 5591 Μ
1446 5542 1493 5591 189
1512 5546 1585 5592 sollte
1606 5549 1616 5591 1
1635 5558 1682 5605 m.,
1702 5547 1859 5598 solimam.
1880 5547 1908 5594 M

291 5633 339 5682 toa
359 5640 441 5681 rnouot
461 5632 487 5679 M
592 5632 640 5682 1118
658 5633 768 5680 eulmine
789 5630 814 5677 M
917 5628 962 5678 aul
985 5630 1096 5678 adsiduis
1117 5634 1128 5677 1
1147 5645 1193 5685 m..
1213 5630 1322 5677 assiduis
1341 5630 1357 5677 Σ)
1373 5646 1407 5678 m.
1429 5629 1458 5676 M
1559 5629 1608 5680 aba
1628 5644 1684 5678 uam
1704 5631 1740 5693 M,
1760 5647 1810 5681 neu
1827 5634 1906 5681 l'oncle

291 5719 358 5767 Lerl.
378 5724 412 5764 68
514 5725 631 5767 temtaret
651 5717 677 5764 M
