4440 6276
1051 398 1198 454 CORIPPI

698 586 858 653 humanae
880 587 925 653 nil
948 589 1055 653 laudis
1077 595 1169 673 eget,
1195 588 1253 655 sed
1275 598 1351 656 vota
1373 589 1524 655 clientum

699 699 828 775 pensat,
855 690 1049 775 devotosque
1072 692 1136 758 sibi
1157 693 1277 776 pietate
1300 700 1441 758 coronat.

698 793 813 859 fertilis
835 795 888 859 hic
909 797 1056 879 Augusta
1078 815 1191 860 manus
1214 796 1356 879 felixque
1379 796 1482 862 videri

696 897 770 980 plus
792 898 909 980 voluit,
935 899 1123 980 nullumque
1147 919 1205 964 suo
1227 898 1389 984 praeferre
1412 898 1525 964 favori.

695 1020 834 1082 namque
855 1000 930 1066 illos
953 1001 1045 1067 donis
1068 1003 1255 1087 conscriptis
1277 1002 1420 1088 patribus
1443 1021 1563 1083 aequos

696 1124 767 1169 esse
791 1104 897 1188 dedit,
923 1125 995 1171 cum
1018 1105 1117 1171 distet
1138 1106 1248 1172 honor.
1296 1106 1467 1189 vigilantia
1487 1105 1589 1170 noctis

696 1208 755 1272 hoc
775 1209 892 1274 meruit
915 1209 1060 1293 carisque
1083 1209 1197 1275 favens
1219 1210 1382 1294 sapientia
1403 1210 1515 1274 Musis.

695 1311 815 1377 doctior
837 1320 869 1377 et
890 1313 1039 1397 princeps
1060 1313 1163 1394 novit,
1189 1313 1273 1397 quod
1297 1314 1403 1378 littera
1426 1333 1532 1377 rerum

585 1432 597 1470 ⁵
692 1434 768 1498 pars
790 1436 909 1498 magna
930 1424 980 1481 est
1002 1437 1202 1500 magnusque
1225 1417 1317 1482 labor
1340 1415 1552 1481 scribentibus
1575 1415 1683 1479 instat.

778 1518 922 1603 protinus
945 1518 1058 1584 officiis
1081 1538 1237 1584 summam
1260 1519 1439 1585 tutantibus
1461 1519 1588 1599 aulam,

692 1620 856 1687 ordinibus
878 1621 1014 1706 propriis
1037 1629 1069 1687 et
1090 1621 1194 1706 prisco
1218 1642 1304 1688 more
1326 1622 1461 1705 notatis,

692 1743 811 1808 perque
834 1725 961 1790 scholas
983 1734 1166 1810 turmasque
1189 1745 1324 1807 vocans,
1350 1725 1404 1810 pia
1426 1723 1569 1809 praemia
1590 1722 1736 1806 gaudens

692 1828 855 1911 praebuit,
882 1836 913 1894 et
935 1829 1015 1894 fidos
1038 1829 1151 1914 opibus
1174 1828 1291 1894 ditavit
1311 1830 1458 1894 alumnos

691 1950 748 2014 pro
771 1931 894 1997 meritis
915 1932 1132 2016 gradibusque
1155 1933 1234 1997 suis.
1280 1932 1366 1998 idern
1389 1931 1518 1997 inclitus
1541 1949 1650 1994 onmes

690 2033 861 2115 nutrierat,
887 2034 1024 2118 vivoque
1047 2035 1142 2101 etiam
1165 2036 1309 2119 genitore
1332 2036 1476 2119 regebat.

691 2143 785 2202 natus
807 2137 839 2201 in
862 2136 1013 2222 imperio,
1040 2138 1148 2204 media
1169 2139 1305 2204 nutritus
1328 2138 1361 2203 in
1383 2138 1460 2202 aula

689 2239 773 2305 inter
794 2241 994 2306 alumnorum
1017 2261 1165 2307 numeros
1188 2250 1362 2325 coetusque
1384 2240 1516 2323 fideles,

689 2343 818 2409 nomina
840 2351 1042 2428 cunctorum,
1069 2353 1252 2410 cunctorum
1273 2351 1408 2411 noverat
1428 2351 1537 2423 actus,

580 2490 585 2501 ·
690 2467 801 2513 omnes
824 2448 910 2513 mitis
932 2467 1063 2530 amans,
1090 2468 1200 2513 omnes
1222 2448 1341 2532 pietate
1363 2453 1500 2532 patema

688 2570 815 2635 semper
836 2551 927 2615 alens
950 2569 1139 2634 semperque
1161 2571 1304 2616 monens.
1352 2551 1478 2633 rituque
1500 2548 1635 2633 regendi

687 2653 827 2719 continet
847 2653 918 2737 ipse
941 2672 1016 2718 suos
1038 2653 1198 2736 nutritque
1222 2654 1371 2736 fovetque
1394 2653 1544 2718 clientes:

687 2756 838 2841 providus
860 2763 896 2821 ut
918 2763 1041 2840 pastor,
1067 2757 1162 2839 longo
1185 2757 1240 2838 qui
1263 2764 1405 2840 tempore
1428 2762 1535 2845 muros

686 2860 913 2943 lanigerosque
936 2877 1052 2943 greges
1074 2858 1219 2924 herbosis
1242 2859 1331 2943 pavit
1353 2859 1387 2923 in
1409 2859 1516 2942 agris,

687 2964 793 3029 omnia
815 2983 898 3047 quae
920 2961 1028 3047 posuit
1049 2969 1212 3028 taurorum
1234 2963 1363 3027 nomina
1385 2962 1491 3039 novit;

687 3087 829 3132 crescere
854 3066 1006 3132 dilectum
1028 3065 1150 3148 gaudet
1170 3085 1287 3149 pecus,
1313 3067 1410 3131 intrat
1432 3064 1533 3147 ovile,

686 3169 838 3237 discernit
859 3176 987 3234 teneros
1009 3175 1041 3233 et
1063 3168 1096 3233 in
1118 3189 1217 3234 unum
1240 3175 1415 3253 congregat
1435 3188 1537 3251 agnos

685 3273 815 3338 nomina
836 3279 912 3337 nota
934 3291 1068 3337 vocans:
1095 3270 1207 3337 audita
1229 3292 1306 3338 voce
1329 3278 1522 3356 sequuntur,

684 3382 864 3458 agnoscunt
886 3375 1067 3458 dominum,
1093 3376 1285 3459 pulsantque
1308 3376 1470 3441 balatibus
1492 3394 1607 3456 auras,

575 3501 588 3537 s
684 3486 780 3561 atque
801 3478 890 3544 avidi
912 3475 1042 3545 sumu'nt
1065 3478 1202 3562 virides,
1228 3498 1310 3562 quas
1331 3479 1464 3561 adtulit,
1491 3478 1619 3544 herbas.

768 3583 891 3649 interea
913 3583 1050 3668 populus
1072 3589 1155 3649 totas
1178 3583 1383 3667 conpleverat
1404 3580 1520 3663 aedes,

683 3693 811 3752 ornatas
834 3685 925 3753 nexis
948 3685 1077 3752 diversa
1099 3705 1139 3752 ex
1162 3685 1275 3751 fronde
1298 3686 1433 3751 coronis.

682 3790 786 3856 serica
807 3809 865 3874 per
886 3795 1018 3855 cunctas
1041 3789 1226 3874 pendebant
1247 3791 1320 3855 vela
1343 3790 1518 3854 columnas.

681 3913 801 3978 perque
823 3911 917 3959 arcus
939 3892 1089 3976 vicosque
1111 3912 1221 3966 omnes
1243 3892 1393 3958 adstabat
1415 3899 1549 3975 utraque

681 4002 773 4082 parte
795 3996 908 4061 favens
930 3996 1065 4080 vulgus,
1091 3996 1280 4082 palmasque
1303 3996 1454 4079 sinusque
1476 3996 1622 4080 parabat.

682 4100 821 4164 consulis
844 4100 1017 4166 adventurn
1041 4120 1166 4166 summa
1189 4098 1346 4165 tardantis
1367 4100 1401 4164 in
1423 4101 1499 4165 aula

681 4209 868 4289 expectant,
894 4203 1100 4287 penduntque
1122 4221 1245 4285 moras,
1272 4220 1450 4286 causasque
1473 4221 1631 4267 morarum

679 4306 857 4390 inquirunt,
884 4307 1055 4388 oculosque
1077 4326 1187 4371 omnes
1210 4305 1253 4371 ad
1275 4306 1366 4388 regia
1386 4306 1502 4370 tollunt

679 4409 808 4492 limina,
834 4424 1082 4495 processumque
1104 4409 1242 4492 Augusti
1265 4409 1405 4473 consulis
1428 4414 1554 4492 optant:

680 4513 758 4578 haut
779 4532 873 4593 secus
896 4519 931 4578 ut
952 4512 1066 4596 Libyci
1088 4520 1173 4578 terra
1195 4511 1325 4577 sitiente
1348 4510 1452 4576 coloni

678 4614 790 4681 nubila
811 4614 1008 4701 suspiciunt,
1035 4620 1119 4680 moto
1141 4633 1212 4679 cum
1235 4612 1366 4698 fulgura
1387 4614 1477 4680 eaelo

678 4718 783 4803 prima
803 4719 940 4802 micant,
967 4718 1140 4802 crebroque
1161 4725 1276 4783 tonans
1298 4717 1401 4783 Notus
1423 4717 1557 4803 inplicat
1577 4718 1739 4800 aethram,

678 4823 849 4888 ruricolnm
872 4822 972 4888 siccos
995 4821 1144 4887 discurrit
1164 4822 1259 4888 turba
1280 4842 1338 4907 per
1359 4841 1454 4906 agros

679 4945 737 5010 spe
759 4926 907 5011 pluviae,
933 4925 1152 5009 mundantque
1175 4926 1279 5007 locos,
1306 4923 1476 5008 aditusque
1499 4924 1623 4990 viarum

535 5050 582 5092 rao
677 5028 812 5111 librant,
838 5037 870 5096 et
892 5049 1004 5095 cursus
1027 5047 1136 5094 omnes
1159 5027 1364 5094 moderantur
1384 5049 1557 5112 aquarum,

679 5132 764 5198 unde
786 5130 888 5199 fluant
908 5131 1022 5216 liquidi
1044 5137 1216 5226 per—prata
1237 5130 1374 5197 virentia
1396 5131 1474 5215 rivi,

361 5308 406 5358 181
428 5311 579 5370 conscriptos
599 5313 610 5357 1
631 5325 677 5369 aa,
697 5310 847 5369 correeriptis
865 5308 881 5355 2
898 5324 931 5357 m.
954 5307 983 5353 M
1096 5305 1143 5356 182
1161 5308 1243 5355 noctis
1263 5306 1297 5368 M,
1318 5309 1410 5357 nostris
1429 5307 1552 5369 Dempta,
1573 5307 1613 5355 scd
1631 5306 1665 5367 cf.
1685 5323 1774 5370 pomp.
1796 5314 1823 5359 ta
1840 5313 1911 5364 laad.
1980 5371 1982 5376 Ι

292 5396 380 5444 Anasi.
401 5400 435 5448 43
549 5394 598 5445 184
616 5402 643 5444 et
661 5395 748 5455 Fopp,
774 5401 813 5443 est
831 5392 860 5440 M
971 5393 1019 5442 185
1038 5395 1116 5442 instat
1133 5396 1231 5454 scripsi,
1256 5393 1335 5442 instet
1354 5393 1382 5439 M
1498 5391 1545 5443 188
1562 5408 1657 5457 perque
1674 5396 1770 5445 scholas
1788 5397 1912 5462 Darapsa,

291 5495 336 5543 per
353 5483 432 5530 scolas
450 5482 485 5544 M,
505 5480 547 5530 scd
564 5497 576 5529 r
594 5495 606 5528 s
624 5483 640 5528 2
657 5498 690 5530 m.
711 5479 807 5528 eddidit
824 5481 850 5527 ia
868 5480 946 5529 litura
1051 5477 1100 5530 189
1118 5479 1209 5528 ditabit
1227 5483 1239 5526 1
1254 5494 1300 5539 m„
1321 5480 1416 5528 ditauit
1433 5482 1494 5528 tm.
1510 5478 1539 5526 M
1644 5479 1687 5529 191
1709 5484 1819 5544 ciboque
1839 5488 1850 5532 1
1866 5500 1912 5544 ιιι,

290 5570 400 5630 uinoque
419 5572 435 5616 2
452 5584 485 5618 m.
509 5568 536 5615 Μ
649 5566 696 5617 199
715 5579 815 5615 eruosos
833 5593 866 5601 —
885 5581 955 5627 agros
975 5566 1002 5612 Μ
1112 5564 1162 5616 203
1180 5572 1300 5614 secuntur
1318 5566 1347 5612 M
1458 5565 1507 5614 291
1526 5579 1576 5627 que
1594 5567 1655 5615 delet
1674 5567 1796 5631 Dempta,
1816 5570 1858 5618 sed
1875 5570 1911 5631 cf.

291 5654 342 5702 lot.
364 5655 439 5702 1171
544 5652 595 5702 205
613 5652 727 5702 erbnsM
828 5651 878 5702 208
896 5654 976 5702 serica
993 5653 1031 5701 vel
1048 5651 1132 5711 Syrico
1147 5651 1217 5712 Reiz,
1238 5650 1354 5700 sirionM
1457 5649 1507 5700 214
1525 5654 1611 5701 obtsnt
1629 5651 1658 5699 M
1759 5653 1809 5702 215
1828 5653 1914 5703 autM

290 5738 500 5803 nltsusctplunt
518 5738 547 5786 M
648 5738 697 5789 217
717 5740 801 5789 chrum
820 5737 849 5785 M
949 5737 1001 5790 218
1018 5739 1156 5787 ruriculam
1174 5736 1203 5784 M
1305 5737 1561 5797 2291ἰδιιιιΗιη.,
1582 5738 1757 5788 liberatam.
1778 5739 1805 5786 M
