4440 6276
287 421 423 487 xgvffi
973 406 1202 463 encomiis.

291 648 411 715 cuntur,
437 638 469 702 in
491 637 598 721 quimo
619 634 791 700 editionum
814 631 1026 695 inveniuntur.
1070 628 1234 691 Librorum
1257 628 1357 709 igitur
1376 626 1512 690 numeri.
1536 644 1617 708 qnos
1638 625 1927 691 liauzucclrellius

292 756 468 836 constituit,
500 755 545 819 ita
574 750 762 818 immutandi
791 760 880 827 sunt,
910 758 946 812 ut
971 747 1052 811 liber
1072 745 1114 806 V·
1135 746 1192 808 ll*
1214 746 1289 809 VII·
1318 745 1493 809 editionum
1515 744 1574 808 tt·
1595 745 1669 808 VII·
1691 744 1786 808 VIII*
1810 746 1926 809 11011ιί-

292 880 413 953 nentur,
442 873 522 938 liber
542 872 597 936 IV·
620 869 787 955 bipartitus
809 866 950 931 numeris
972 866 1016 927 ll'
1037 878 1070 929 et
1091 865 1118 927 l'
1141 864 1298 947 signetur.
1340 864 1403 927 lbi
1425 863 1508 927 liber
1528 873 1662 946 quartus
1684 874 1794 945 exest,
1820 865 1927 946 qnin-

290 995 342 1056 tus
363 990 503 1074 incipiat,
528 1009 583 1074 pro
606 997 690 1054 certo
713 984 881 1051 diiudicari
902 983 1057 1066 nequitp.

377 1106 524 1172 Codicem
539 1107 781 1184 Trirultianum,
802 1103 857 1185 oui
875 1102 988 1166 domus
1003 1100 1223 1165 nobilissimae
1239 1100 1466 1165 bibliothecam
1481 1101 1641 1186 priuatam
1655 1101 1732 1167 inde
1747 1122 1770 1166 a
1785 1110 1923 1168 centnm

290 1221 420 1306 triginta
442 1225 506 1291 sere
529 1226 621 1291 annis
643 1229 785 1301 exornat,
810 1226 845 1284 ut
865 1221 936 1303 ipse
963 1218 1136 1283 Mediolani
1158 1219 1190 1282 in
1213 1220 1307 1284 domo
1328 1240 1369 1284 ea
1390 1220 1564 1304 diligenter
1584 1220 1692 1285 denuo
1713 1230 1920 1303 excuterem,

293 1341 428 1407 Iacobus
450 1344 641 1424 Trirultius,
668 1339 807 1406 marchio
829 1338 1057 1417 nobilissimus,
1083 1337 1250 1401 Theodoro
1272 1338 1470 1404 llommseno
1493 1340 1616 1424 petenti
1636 1340 1818 1405 liberaliter
1840 1360 1925 1406 con-

294 1459 399 1524 cessit.
439 1461 551 1528 Plures
572 1460 713 1546 quotidie
736 1478 793 1543 per
813 1457 907 1521 horas
928 1457 1029 1521 codici
1044 1456 1237 1522 conserendo
1252 1476 1382 1542 operam
1397 1457 1488 1522 danti
1503 1459 1583 1523 milri
1597 1479 1760 1543 nunqnam
1775 1480 1843 1524 nou
1857 1442 1924 1524 ad-

293 1576 355 1643 fuit
375 1598 479 1644 comes
494 1580 710 1646 nobilissimus
725 1577 826 1642 Iulios
839 1576 946 1657 Porro,
972 1576 1004 1639 in
1026 1595 1088 1657 qne
1110 1576 1180 1640 rire
1201 1576 1367 1659 egregiam
1390 1577 1603 1643 eruditionem
1625 1586 1722 1662 atone
1735 1578 1922 1644 doctrinam

293 1695 539 1763 iucundissimae
562 1698 700 1764 comitati
723 1706 754 1762 et
775 1694 921 1759 facilitati
942 1694 989 1759 sic
1010 1695 1149 1760 iunctam
1173 1695 1255 1759 uidi.
1282 1704 1334 1767 nt,
1360 1695 1540 1762 fructumne
1562 1697 1716 1762 maiorem
1738 1719 1782 1762 an
1804 1698 1923 1764 delec-

294 1813 447 1878 tationem
470 1818 539 1881 eins
561 1839 600 1883 ex
623 1835 766 1883 sermone
788 1813 993 1898 perceperim,
1025 1833 1066 1880 ue
1088 1834 1172 1879 nunc
1193 1814 1322 1897 quidem
1344 1814 1452 1880 dicere
1475 1836 1604 1897 queam.
1650 1816 1922 1901 Quandocunque

296 1931 338 1998 ad
360 1932 434 1999 libri
456 1937 661 2022 manuscripti
683 1937 786 2000 locum
809 1932 1036 2013 difficiliorem,
1062 1954 1173 2019 parum
1196 1933 1369 2017 diligenter
1390 1935 1542 2019 scriptum
1566 1936 1795 2021 rescriptumve
1818 1937 1924 2003 dere-

295 2071 415 2134 neram,
445 2055 577 2122 consilio
600 2076 670 2122 cum
692 2055 760 2118 viro
781 2051 964 2116 doctissimo
986 2053 1102 2117 collato
1125 2052 1340 2120 dubitationes
1361 2055 1488 2119 solvere
1510 2056 1590 2120 milri
1611 2056 1713 2121 licuit.
1761 2055 1924 2134 Quotiens

297 2169 456 2237 oculorum
479 2174 616 2241 animive
638 2174 707 2241 acie
728 2171 857 2238 nimiam
880 2181 950 2255 post
972 2170 1179 2237 intentionem
1202 2174 1316 2238 obtusa
1339 2194 1468 2259 operam
1484 2174 1652 2258 paulisper
1664 2175 1918 2261 intermiseram,

297 2289 552 2360 confabulatione
575 2295 664 2359 brevi
686 2289 915 2358 iucundissima
936 2290 1075 2356 reiectus
1096 2293 1193 2376 plena
1209 2293 1374 2359 alacritate
1390 2292 1431 2357 ad
1448 2293 1610 2376 negotium
1627 2294 1721 2359 redii.
1759 2295 1838 2361 viro
1851 2304 1922 2362 tam

297 2411 426 2495 egregie
448 2410 487 2477 de
511 2412 625 2478 studiis
647 2413 736 2478 hisce
759 2409 870 2475 merito
892 2409 967 2492 quin
990 2410 1117 2494 publice
1140 2411 1236 2476 etiam
1259 2422 1368 2495 grates
1390 2433 1532 2496 agerem,
1558 2412 1666 2478 facere
1688 2434 1752 2479 non
1774 2416 1878 2500 potui.

381 2530 580 2597 Tuivultiano
602 2533 635 2598 in
658 2531 766 2598 codice
789 2548 851 2593 non
873 2528 999 2611 integra
1021 2530 1173 2595 Iohannis
1194 2533 1288 2596 inest.
1336 2534 1403 2597 Iam
1431 2533 1517 2598 enim
1548 2533 1582 2597 in
1613 2533 1694 2598 libro
1724 2535 1918 2619 antiquiore,

296 2670 314 2715 e
337 2670 399 2734 quo
421 2649 638 2717 Trivultianus
660 2649 811 2726 manavit,
836 2646 910 2711 libri
932 2649 1036 2713 octavi
1059 2649 1132 2714 linis
1154 2650 1273 2717 detuit.
1298 2652 1440 2736 locisque
1466 2652 1684 2738 compluribus
1706 2653 1801 2719 modo
1824 2653 1918 2737 solia,

296 2768 329 2833 ni
352 2769 456 2851 fallor,
483 2770 611 2855 singula
637 2771 691 2855 [IV
714 2773 776 2834 200
800 2767 875 2830 VIII
898 2769 986 2849 369„
1012 2768 1106 2833 mode
1128 2769 1276 2835 foliorum
1298 2780 1406 2855 partes
1436 2772 1487 2851 ,tl
1510 2774 1674 2836 585-591
1711 2774 1789 2837 vtll
1812 2777 1923 2837 622-

297 2891 370 2953 626.
396 2892 573 2972 ooo-mo)
600 2891 771 2976 perierant.
810 2886 860 2952 Ne
883 2887 952 2971 ipse
974 2887 1194 2955 Trirultianus
1216 2891 1345 2973 quidem
1366 2899 1543 2975 temporum
1565 2892 1746 2974 iniqnitatis
1766 2893 1922 2960 immunis

180 3051 186 3069 1
296 3007 366 3073 tuit.
413 3009 546 3075 Efoliis
569 3012 653 3076 enim
676 3006 879 3095 septuaginta
890 3006 910 3079 ,'
923 3026 1005 3088 quae
1028 3008 1158 3093 singula
1181 3030 1360 3094 sexagenos
1382 3010 1475 3075 binos
1496 3010 1565 3076 lere
1587 3031 1701 3077 versus
1722 3012 1923 3079 Iohaunidos

298 3127 510 3212 continebant,
537 3132 711 3198 secundum
734 3137 767 3194 et
789 3127 958 3210 septimum
995 3128 1086 3192 122.
1112 3131 1182 3210 2703
1210 3130 1450 3196 interciderunt.

385 3248 494 3315 Codex
525 3252 713 3319 chartaceus
741 3269 761 3313 a
783 3245 913 3311 librario
936 3267 1047 3331 parum
1070 3248 1170 3331 perito
1192 3270 1369 3333 parumque
1392 3250 1541 3334 diligenti
1563 3270 1649 3317 saec.
1674 3254 1752 3317 XIV
1774 3253 1923 3338 apicibus

299 3364 487 3434 minusculis
518 3372 654 3457 scriptus
683 3376 742 3436 est.
790 3364 873 3444 Quid
906 3365 1066 3449 legerem,
1102 3369 1294 3452 aliquotiens
1327 3369 1482 3435 dubitavi.
1528 3370 1642 3454 Neque
1676 3372 1760 3437 enim
1794 3373 1923 3439 litterae

300 3488 312 3548 i
333 3507 354 3548 u
376 3509 397 3549 o
420 3509 458 3569 m,
485 3489 539 3556 ubi
560 3491 643 3557 inter
664 3510 699 3556 se
722 3489 848 3553 iunctae
871 3494 1047 3568 occurrunt,
1072 3494 1158 3553 certo
1181 3509 1308 3574 semper
1328 3489 1473 3573 dignosci
1495 3497 1640 3573 possunt,
1666 3498 1699 3556 et
1712 3511 1826 3558 versus
1841 3512 1924 3558 non-

301 3605 382 3670 nulli
405 3608 545 3674 secunda
566 3632 681 3694 manu,
711 3626 794 3691 quae
816 3625 837 3670 a
858 3604 960 3688 prima
981 3605 1069 3672 haud
1091 3607 1185 3673 facile
1209 3609 1416 3687 discernitur,
1447 3609 1495 3673 ita
1516 3608 1675 3674 immutati
1697 3618 1789 3693 sunt,
1823 3617 1859 3676 ut
1880 3632 1923 3678 ns

299 3743 423 3793 summa
456 3729 583 3814 quidem
616 3732 779 3798 oculorum
810 3722 985 3805 iudiciique
1018 3724 1192 3792 intentione
1225 3728 1455 3795 dubitationem
1488 3748 1615 3793 omnem
1650 3730 1766 3796 tollere
1801 3731 1921 3815 possis.

301 3843 448 3913 Ceterum
478 3851 638 3919 secundae
668 3866 783 3916 manus
812 3843 966 3910 lectiones
994 3864 1056 3909 non
1084 3865 1102 3911 e
1132 3846 1241 3915 codice
1267 3850 1333 3914 ullo
1355 3867 1523 3931 manasse,
1557 3847 1616 3913 sed
1637 3848 1828 3916 coniecturis
1850 3870 1923 3917 raro

299 3962 446 4033 felicibus
468 3977 554 4036 ortas
576 3991 648 4038 esse
670 3967 830 4035 neminem
852 3963 966 4047 fugiet.

385 4087 452 4152 lam
467 4090 658 4158 Trivultiaui
680 4085 799 4156 codicis
821 4082 863 4149 de
885 4084 1110 4170 ortboprapbs'a,
1136 4086 1228 4153 cuius
1250 4089 1379 4155 brevem
1402 4093 1607 4172 conspectum
1628 4087 1689 4153 viri
1705 4088 1790 4155 docti
1803 4089 1924 4155 Iohan-

300 4203 367 4270 nidi
388 4209 609 4278 emendandae
632 4227 762 4295 operam
784 4203 931 4270 navaturi
952 4204 1124 4291 requirent,
1149 4226 1254 4291 pauca
1274 4207 1415 4293 praefari
1437 4207 1544 4273 liceat.

386 4382 401 4424 c
424 4384 459 4426 ce
481 4384 514 4428 oc
534 4384 709 4448 nunquam,
735 4364 747 4423 i
767 4381 786 4442 p
807 4376 878 4422 raro
901 4356 1123 4424 discemuutur

387 4503 408 4544 a
430 4503 487 4566 pro
510 4507 525 4546 ο
547 4485 675 4569 ponitur
695 4482 729 4547 in
751 4478 803 4544 his
824 4476 971 4542 vocibus:

302 4600 505 4685 conglomero
527 4605 572 4669 VI
594 4608 656 4670 484
1147 4602 1275 4669 lucutus
1296 4600 1398 4687 praef.
1425 4605 1465 4665 25
1502 4601 1535 4666 Π
1558 4603 1620 4667 336
1657 4601 1706 4667 ΠΙ
1732 4605 1781 4667 12.
1809 4604 1849 4668 53

302 4704 454 4771 contorsit
477 4708 521 4772 IV
544 4709 606 4774 839
1148 4705 1251 4771 lurica
1272 4705 1350 4770 VIII
1372 4707 1435 4769 493

302 4807 502 4875 cumclausus
524 4811 541 4875 I
562 4815 622 4875 551
1149 4807 1323 4873 moriturus
1344 4806 1390 4872 IV
1411 4809 1474 4871 2112

302 4928 465 4977 cumcurm
486 4914 532 4979 IV
557 4916 635 4977 1017
1151 4916 1260 4975 movet
1281 4909 1327 4975 IV
1349 4912 1411 4972 525

303 5013 469 5079 cumvenio
491 5015 524 5081 Π
547 5019 588 5079 74
1149 5012 1245 5078 rubor
1266 5011 1312 5077 IV
1336 5012 1418 5075 1069

302 5115 468 5182 cumvolvo
489 5119 551 5184 VH
574 5111 658 5181 ttt'
1150 5114 1315 5181 romuleus
1337 5113 1383 5178 IV
1405 5114 1468 5178 893

303 5218 487 5284 cuncutiol
513 5222 571 5285 158
1150 5216 1285 5300 trepulis
1312 5214 1470 5301 (Tripolis)
1496 5215 1614 5282 11117

302 5320 409 5386 heulis
437 5323 575 5407 (Aeoliis)
603 5321 722 5386 11256
1151 5317 1242 5385 uliua
1262 5318 1379 5384 11203
1415 5318 1465 5383 ΠΙ
1488 5321 1539 5385 32.
1567 5323 1620 5384 72.
1646 5323 1708 5386 256

509 5526 717 5539 -.-.-.—-——-·

391 5665 417 5725 6}
437 5666 562 5715 Gustatus
575 5668 664 5714 Loewc
682 5664 718 5712 sic
736 5661 828 5710 librum
846 5661 1011 5713 dividendum
1028 5678 1084 5716 esse
1102 5666 1252 5728 susplcutur,
1273 5673 1303 5715 ut
1320 5670 1408 5729 quarto
1420 5680 1507 5716 remus
1520 5665 1580 5728 stt,
1600 5666 1749 5730 quintabit
1768 5669 1928 5721 addicantur.
