4440 6276
386 402 464 468 0ιο
1079 395 1308 451 00000000.

390 644 467 691 sane
489 624 538 688 vir
561 623 689 703 doctus,
715 622 768 705 qui
791 621 920 687 saeculo
941 642 972 705 p.
999 620 1075 686 Chr.
1100 640 1131 683 n.
1158 620 1205 683 Π0
1227 639 1245 684 0
1268 619 1420 699 desertis,
1453 638 1536 702 quae
1559 619 1671 702 Syriae
1695 625 1727 683 et
1747 617 1886 682 Arabiae
1909 617 2009 682 inter-

388 743 511 826 iacent,
545 749 673 825 gentem
696 743 954 824 Laguantensem
984 739 1018 804 in
1039 739 1181 804 Africam
1203 738 1422 821 immigrasse,
1455 759 1512 823 per
1533 740 1716 823 Aegyptum
1738 739 1895 804 interrae
1918 737 2006 803 Mar-

388 863 524 928 maricas
553 862 748 946 processisse
778 868 810 926 et
836 868 950 944 gentes
978 859 1154 942 antiquitus
1184 858 1235 923 his
1265 859 1299 923 in
1325 857 1511 942 regionibus
1541 859 1690 924 sedentes
1720 857 1918 942 oppressisse
1946 856 2008 923 sibi

389 982 583 1067 persuaserit
593 985 644 1064 ⁵³).
692 981 757 1080 Sed
786 980 986 1064 migrationis
1015 980 1091 1044 talis
1114 998 1184 1043 cum
1208 997 1311 1060 neque
1333 977 1420 1063 apud
1443 978 1612 1062 scriptores
1635 978 1784 1063 temporis
1806 977 1895 1043 illius
1917 977 2008 1044 testi-

388 1103 494 1168 monia
522 1121 582 1167 nec
611 1101 804 1185 temporibus
834 1100 1062 1185 posterioribus
1092 1076 1230 1180 vestigia
1259 1099 1326 1162 ulla
1355 1098 1574 1179 inveniantur,
1611 1099 1797 1174 audaciam,
1830 1118 1893 1181 qua
1922 1118 2009 1163 som-

389 1223 445 1289 nia
466 1243 522 1306 pro
546 1219 660 1287 studiis
682 1227 831 1300 veneunt,
858 1219 1023 1284 miraberis
1046 1217 1151 1300 magis
1173 1238 1268 1301 quam
1291 1218 1452 1302 probabis.

476 1343 544 1406 Iam
567 1361 652 1421 vero,
679 1348 713 1406 ut
735 1340 777 1404 ad
800 1339 993 1405 Iohannidos
1017 1338 1090 1403 libri
1114 1336 1245 1402 secundi
1268 1337 1432 1401 exordium
1455 1337 1680 1421 explicandum
1703 1337 1881 1418 redeamus,
1913 1358 2008 1404 versu

394 1464 452 1526 138
476 1462 620 1545 gentium
643 1460 838 1544 Syrticamm
860 1460 1003 1524 recensio
1026 1451 1149 1522 finitur:

750 1589 961 1653 Marmaridas
984 1595 1097 1670 gentes
1119 1594 1165 1652 tot
1186 1584 1317 1669 pertulit
1338 1585 1447 1651 Africa
1468 1586 1574 1651 bellis.

392 1719 506 1784 Verbis
539 1716 656 1782 deinde
689 1716 929 1799 insequentibus
963 1735 997 1779 se
1026 1716 1123 1779 aliam
1152 1734 1279 1798 prorsus
1308 1723 1460 1780 terrarum
1490 1714 1703 1780 Mauricarum
1731 1716 1765 1779 in
1794 1722 1915 1799 partem
1945 1734 2008 1778 non

392 1839 505 1904 orienti
528 1836 599 1915 soli,
626 1836 684 1901 sed
706 1835 864 1901 occidenti
885 1835 989 1918 magis
1012 1835 1182 1900 obnoxiam
1204 1834 1363 1899 transilire
1386 1841 1481 1919 poeta
1503 1834 1621 1900 diserte
1643 1834 1821 1919 profitetur:

751 1965 823 2046 quis
846 1964 995 2028 miseram
1019 1983 1188 2048 superesse
1211 1967 1322 2047 putati
1343 1982 1406 2026 non
1429 1960 1547 2026 suflicit
1567 1963 1671 2046 istud,

751 2087 770 2132 o
793 2067 915 2152 superi!
943 2067 1007 2131 iam
1030 2067 1137 2130 audax
1159 2066 1291 2130 alternis
1315 2065 1418 2147 surgit
1438 2066 1480 2130 ab
1502 2064 1566 2129 oris

751 2170 889 2234 adversa
911 2170 951 2234 de
974 2177 1063 2253 parte
1087 2169 1226 2233 fremens
1249 2168 1314 2232 dux
1336 2168 1393 2232 ille
1417 2168 1540 2250 ruinas,

750 2292 831 2354 quas
853 2272 902 2337 illi
924 2274 1068 2336 Romana
1090 2291 1203 2337 manus
1225 2291 1283 2354 per
1305 2271 1438 2336 vulnera
1459 2270 1571 2336 Martis

751 2382 826 2440 ante
849 2374 949 2440 dedit.

392 2505 494 2585 Quem
516 2505 697 2569 Maurorum
727 2504 872 2586 regulum
902 2502 1049 2568 cladibus
1075 2502 1227 2585 gravibus
1250 2523 1270 2566 a
1293 2501 1458 2585 Byzantiis
1480 2500 1633 2567 afflictum
1657 2502 1708 2567 hic
1730 2503 1887 2589 Corippus
1909 2505 2011 2590 signi-

391 2624 475 2706 ficet,
501 2630 690 2706 quaerentes
712 2624 835 2688 nullum
857 2621 1039 2687 invenimus
1060 2621 1123 2687 nisi
1139 2621 1282 2704 laudam,
1308 2621 1437 2686 Aurasii
1456 2622 1572 2686 montis
1598 2621 1662 2706 (Dj.
1681 2624 1793 2706 Aures)
1820 2624 2005 2709 principem,

392 2764 486 2828 quem
509 2765 538 2808 0.
566 2748 627 2807 535
651 2745 767 2808 01539
797 2741 1055 2826 expeditionibus
1085 2741 1209 2806 duabus
1238 2741 1434 2807 felicissimis
1457 2741 1582 2806 Solomo
1608 2750 1780 2826 pacaverat
1788 2744 1840 2827 ⁵⁴).
1887 2734 2010 2811 Tamen

392 2870 496 2929 utrum
519 2845 659 2929 500000
674 2863 773 2928 alium
789 2861 948 2944 quendam
963 2867 1058 2945 polita
1073 2861 1283 2943 denotaverit,
1310 2861 1450 2926 dubitari
1464 2867 1582 2945 posset,
1609 2861 1672 2926 nisi
1688 2863 1851 2929 enuntiato
1868 2865 2010 2948 proximo

751 2991 938 3055 innumerae
960 2995 1073 3072 gentes
1095 2989 1187 3053 illum
1211 2988 1399 3053 comitantur
1421 2997 1568 3072 euntem,

752 3113 834 3176 quae
858 3091 986 3157 Gemini
1008 3092 1152 3174 Petram,
1179 3110 1262 3175 quae
1285 3091 1444 3174 Zerquilis
1467 3091 1691 3158 horridarum
1719 3093 1843 3176 (001001)

393 3223 528 3288 castella
550 3222 613 3287 duo
636 3222 751 3287 montis
768 3220 897 3285 Aurasii
919 3226 1178 3300 memorarentur,
1205 3220 1319 3301 quibus
1341 3220 1376 3284 in
1398 3220 1484 3286 bello
1507 3240 1578 3285 cum
1594 3218 1763 3286 Solomone
1786 3229 1876 3304 gesto
1891 3224 2010 3291 laudas

393 3344 531 3407 maxime
555 3342 842 3422 0001000000151).
888 3339 972 3417 Quin
995 3340 1110 3405 melius
1132 3340 1229 3405 etiam
1251 3339 1373 3405 laudae
1395 3360 1528 3421 regnum
1550 3359 1643 3407 versu
1671 3345 1729 3404 149
1752 3342 1923 3408 iudicatur:

747 3467 940 3533 Aurasitana
961 3487 1076 3532 manus
1098 3467 1195 3533 celsis
1217 3465 1384 3532 descendit
1406 3467 1447 3532 ab
1470 3467 1544 3533 oris.

390 3599 514 3682 Regulo
538 3597 643 3664 eidem
664 3597 810 3683 paruisse
833 3596 980 3661 dicuntur
1001 3603 1124 3678 gentes,

747 3746 830 3808 quae
852 3725 994 3791 nefanda
1015 3725 1123 3791 001001
1143 3724 1243 3790 tristis
1264 3732 1416 3790 montana
1438 3726 1561 3790 Navusi

748 3830 955 3913 desertosque
977 3828 1081 3908 locos;
1108 3828 1205 3893 nutrit
1226 3847 1305 3912 quos
1327 3828 1456 3894 horrida
1477 3829 1573 3894 tellus

750 3931 889 4016 Arzugis
909 3930 1072 3997 infandae.

390 4060 496 4138 Quare
524 4080 584 4127 nec
611 4066 762 4124 montana
790 4058 849 4124 illa
878 4059 1003 4124 Navusi
1032 4060 1128 4142 longe
1152 4080 1173 4124 a
1193 4066 1306 4125 monte
1328 4059 1464 4125 Aurasio
1494 4057 1683 4143 0101000111,
1715 4066 1747 4125 01
1775 4061 2004 4144 Arzugitanam

390 4180 552 4264 regionem
580 4179 692 4261 (Balad
705 4180 736 4244 el
752 4177 891 4263 Djerid),
917 4198 999 4262 0000
1015 4180 1152 4264 Byzacio
1173 4178 1339 4244 meridiem
1362 4197 1475 4243 versus
1497 4177 1647 4263 contigua
1661 4179 1737 4245 inde
1752 4200 1772 4244 a
1786 4180 2005 4265 Tripolitanae

389 4299 571 4385 provinciae
599 4298 715 4365 linibus
747 4301 822 4383 ‘per
850 4298 980 4381 longum
1010 4299 1138 4363 Africae
1167 4298 1314 4364 limitem‘
1346 4299 1577 4365 extendebatur
1585 4301 1644 4380 ⁵⁷),
1678 4319 1779 4382 00000
1808 4301 1851 4365 01
1876 4302 2005 4367 Aurasii

389 4420 504 4484 montis
527 4419 652 4484 radices
675 4417 868 4503 pertinuisse
890 4419 1079 4502 putaverim.

477 4713 516 4773 53)
539 4713 569 4762 1..
591 4712 699 4767 Tauxier
717 4712 752 4759 La
771 4712 874 4771 religion
894 4711 937 4758 des
956 4716 1076 4759 tauresux
1096 4713 1178 4759 divina
1196 4724 1229 4759 en
1247 4711 1351 4773 Afrique
1371 4711 1432 4758 Rev.
1452 4712 1504 4760 Air.
1526 4711 1587 4759 XXI
1607 4711 1670 4761 1877
1690 4726 1715 4775 p.
1738 4710 1881 4761 ise-tat.

478 4799 518 4861 54]
540 4799 608 4847 Prcc.
628 4799 652 4846 5.
673 4796 754 4846 Vand.
775 4798 799 4844 ll
821 4796 859 4844 13.
883 4795 922 4844 19.
944 4795 986 4845 20.

477 4885 518 4947 55)
541 4885 609 4933 Proc.
629 4885 653 4931 5.
674 4882 757 4930 Vand.
776 4884 802 4931 ll
821 4881 851 4930 19
870 4878 1014 4949 Ζερβούλη.
1051 4881 1127 4930 1120
1147 4877 1296 4949 Γεμινιανοῦ
1314 4879 1401 4950 πέτρα.

479 4969 519 5031 56]
541 4970 577 5017 Ne
596 4971 653 5031 quis
671 4969 840 5030 Tripolitanae
859 4970 999 5031 provinciae
1017 4974 1129 5017 montem
1146 4970 1188 5029 DJ.
1210 4969 1304 5019 Neiusa
1328 4969 1434 5017 eundem
1458 4982 1513 5017 esse
1536 4974 1612 5031 01000
1636 4977 1745 5018 montem
1764 4970 1890 5019 Navusum
1911 4971 2002 5033 credat,

393 5061 501 5103 montem
519 5055 590 5103 illum
608 5069 623 5102 a
641 5055 731 5117 populo
750 5054 858 5102 Maurico
876 5053 971 5102 Nsiuss
988 5056 1028 5102 vel
1046 5054 1141 5103 Naiuss
1162 5054 1235 5117 (apud
1255 5053 1402 5117 Gorippum:
1424 5054 1519 5117 110101)
1540 5068 1629 5103 nomen
1647 5056 1751 5104 duxisse
1769 5057 1919 5105 meminerit.

479 5141 521 5201 57)
542 5140 613 5189 Oros.
633 5141 644 5186 l
663 5138 677 5188 2
699 5139 866 5203 ‘Tripolitana
884 5141 1018 5200 provincia,
1039 5155 1103 5201 0000
1121 5147 1147 5188 01
1165 5140 1325 5188 Subventana
1343 5141 1382 5187 vel
1400 5142 1466 5200 regio
1483 5142 1612 5200 Arzugum
1629 5142 1729 5201 dicitur,
1750 5143 1794 5189 ubl
1811 5141 1899 5204 Leptis
1917 5156 2005 5202 magna

393 5227 481 5275 civitas
499 5232 546 5288 est,
567 5227 681 5287 quamvis
693 5227 804 5287 Arzuges
822 5227 986 5286 perlongum
998 5227 1096 5275 Africae
1114 5227 1220 5274 limitem
1239 5227 1388 5285 generaliter
1405 5226 1544 5275 vocentur‘.
1577 5228 1697 5275 Aurelius
1715 5229 1792 5289 episc.
1808 5227 1921 5290 Carthag.
1940 5229 2006 5290 apud

392 5312 495 5370 Dionys.
511 5312 585 5372 Exig.
600 5313 627 5359 in
640 5311 730 5371 Synod.
746 5311 946 5361 (10015.000.19
968 5312 1008 5359 ‘in
1022 5312 1115 5375 Tripoli
1133 5313 1197 5359 0110
1211 5315 1309 5372 Arzuge
1327 5313 1475 5361 interiacere
1493 5313 1610 5361 videntur
1627 5314 1743 5361 barbarae
1761 5311 1870 5374 gentes'.
1902 5329 1957 5363 000.
1973 5314 2005 5363 52

393 5397 557 5462 ‘Tripolitani
575 5405 601 5446 01
619 5398 766 5458 Arangitani
782 5399 892 5449 tratres'.
924 5399 990 5459 apud
1007 5398 1165 5453 Harduinum
1184 5396 1521 5461 (10100000111012321
1541 5405 1612 5447 extat
1628 5399 1745 5461 Epistula
1762 5400 1859 5447 Aurelii
1878 5399 2006 5461 carthagi-

392 5484 489 5532 niensis
507 5484 618 5547 episcopi
635 5484 666 5532 ad
684 5498 770 5532 omnes
782 5485 910 5546 episcopos
922 5497 967 5546 per
978 5483 1132 5542 Byzacenam
1144 5489 1170 5531 01
1182 5484 1360 5544 Arzugitanam
1371 5484 1525 5546 provinciam
1537 5485 1693 5533 constitutos.
1725 5485 1863 5545 Augustini
1874 5486 1957 5548 Epist.
1972 5485 2005 5535 lc

395 5569 515 5632 (epistula
527 5569 689 5632 Publicolae).
723 5571 765 5619 ‘in
777 5570 926 5631 Arzugibus,
946 5574 975 5618 01
993 5570 1088 5630 audivi,
1107 5570 1234 5619 decurioni
1252 5570 1294 5632 qui
1311 5570 1387 5618 limiti
1405 5578 1505 5632 praeest
1521 5570 1561 5618 vel
1579 5572 1679 5619 tribuno
1697 5571 1779 5619 solent
1794 5571 1879 5620 iuvare
1897 5573 2003 5633 barbari,

390 5655 503 5704 iurantes
521 5669 565 5719 per
583 5655 714 5704 daemones
731 5654 810 5705 suos'.
