4440 6276
1042 429 1189 485 CORIPPI

693 617 883 682 constituere
906 625 1008 701 metu,
1035 626 1067 683 et
1089 619 1184 683 celsis
1206 618 1338 683 vinxere
1361 619 1502 683 camelis.

692 719 785 784 litora
806 721 968 785 Romanus
991 720 1099 786 densis
1121 722 1280 787 exereitus
1302 720 1399 785 armis

691 830 840 908 occupat,
866 831 899 889 et
920 825 1002 889 latos
1023 825 1159 909 implent
1178 824 1315 890 tentoria
1336 844 1480 908 campos,

691 926 887 1010 Massylique
910 926 1008 992 durccs
1030 928 1152 992 medios
1174 948 1308 1012 posuere
1331 927 1474 993 Latinos.

691 1028 766 1093 hino
788 1036 882 1112 atquc
905 1030 978 1095 hino
1001 1037 1129 1095 cunctos
1152 1051 1272 1095 cannas
1295 1030 1393 1096 fixere
1415 1050 1473 1114 per
1494 1052 1605 1114 agros,

583 1151 595 1189 a
691 1138 787 1213 atque
810 1132 913 1197 omnis
935 1139 1067 1199 tenuere
1089 1135 1169 1199 vias.
1217 1142 1292 1199 tunc
1314 1134 1406 1199 litore
1428 1135 1469 1200 ab
1491 1135 1578 1198 omni

691 1235 846 1299 contrahit
869 1236 937 1320 ipse
959 1234 1044 1302 rate's
1066 1244 1218 1322 portuque
1242 1245 1325 1302 stare
1348 1237 1477 1302 Larisoo

690 1338 800 1417 iussit,
827 1346 859 1404 ct
879 1340 1033 1423 impensis
1056 1340 1158 1405 socios
1181 1347 1356 1423 gentesque
1379 1339 1516 1423 levavit,

690 1441 880 1528 dispensans
901 1465 960 1530 per
982 1452 1087 1510 eastra
1109 1453 1201 1530 pater
1222 1465 1433 1527 numerosque
1456 1446 1629 1510 Iohannes.

775 1546 849 1611 dum
871 1547 969 1612 trahit
989 1548 1045 1613 ille
1069 1547 1140 1613 dies
1163 1548 1261 1632 digna
1283 1547 1474 1613 fortissimus
1499 1555 1567 1613 arte

564 1667 593 1705 ⁵⁰
689 1656 721 1713 et
742 1658 855 1732 gentes
877 1651 1017 1716 cruciare
1040 1658 1147 1736 parat,
1175 1652 1338 1734 consurgit
1359 1652 1469 1716 oborta

684 1752 821 1834 seditio,
848 1755 1045 1839 populosque
1068 1755 1155 1819 furor
1176 1775 1234 1839 per
1255 1762 1360 1819 eastra
1382 1755 1511 1820 Latinos

687 1857 809 1922 insanis
831 1865 946 1940 urguet
968 1857 1118 1923 stimulis.
1164 1858 1228 1922 iam
1250 1879 1409 1924 murmure
1433 1859 1545 1923 crebro

688 1967 846 2026 exacuunt
868 1960 983 2026 dubias
1006 1968 1115 2027 eontra
1137 1980 1196 2026 sua
1219 1968 1347 2044 pectora
1370 1969 1503 2026 mentes.

687 2086 743 2149 pro
767 2064 873 2129 dolor!
899 2070 1040 2130 armatas
1063 2070 1213 2129 revocant
1235 2064 1415 2130 inviscera
1437 2064 1569 2130 dextras

687 2167 820 2250 quisque
844 2167 921 2249 sini,
947 2168 1146 2252 propriisque
1168 2176 1283 2253 parant
1305 2168 1481 2233 ceruicibus
1504 2189 1608 2233 enses.
1664 2179 1666 2182 ’

686 2272 757 2354 quis
779 2272 865 2337 furor
885 2272 942 2337 illc
964 2271 1041 2353 fuit,
1067 2293 1128 2356 quo
1151 2273 1198 2338 sic
1220 2280 1384 2338 exarserat
1405 2272 1507 2337 omnis

686 2374 830 2441 funditus
853 2375 924 2460 ipse
947 2394 1022 2440 suas
1046 2375 1183 2441 Latiaris
1205 2375 1339 2460 perdere
1362 2376 1454 2441 miles

684 2485 760 2543 tune
781 2478 890 2543 acies?
911 2486 1035 2544 mentes
1057 2479 1191 2545 miseras
1214 2499 1283 2544 sors
1306 2499 1405 2544 saeva
1425 2479 1584 2546 trahebat.

685 2601 748 2645 non
770 2582 903 2662 metuis,
930 2583 1088 2663 Romane,
1116 2582 1251 2648 ducem?
1271 2590 1319 2649 tot
1340 2583 1444 2666 bella,
1469 2589 1516 2648 tot
1538 2584 1663 2666 hostes,

685 2706 764 2768 quos
786 2686 995 2753 circumfusos
1017 2694 1137 2753 eertum
1161 2694 1211 2752 est
1232 2687 1393 2772 patuisse,
1420 2694 1542 2752 caveto.

685 2808 724 2853 en
747 2789 882 2873 Libyam
905 2810 962 2875 per
984 2791 1071 2855 bolla
1092 2809 1188 2874 paras
1211 2809 1281 2855 curn
1304 2790 1454 2874 gentibus
1478 2810 1541 2855 una

684 2898 824 2972 vertere,
851 2899 883 2956 et
903 2891 1037 2957 infensis
1059 2892 1209 2957 miseram
1231 2893 1330 2978 petis,
1358 2893 1519 2977 improbe,
1544 2892 1636 2971 telis,

683 2996 745 3061 hen
769 2995 889 3078 pietas!
915 2995 970 3061 ubi
993 3003 1105 3061 saneta
1125 2995 1229 3061 fides-r
1250 2996 1315 3061 fors
1338 3016 1436 3061 saeva
1459 2996 1583 3060 laborat

683 3098 722 3163 de
745 3098 894 3163 manibus
916 3106 1022 3183 partos
1044 3100 1171 3184 populis
1194 3101 1318 3165 auferre
1341 3099 1528 3184 triumphos.

768 3207 916 3284 coeperat
937 3201 1065 3283 obliquo
1087 3201 1249 3268 duetorem
1273 3202 1392 3268 lumino
1415 3201 1507 3266 miles

682 3303 856 3387 respiciens
879 3303 942 3368 iarn
966 3303 1047 3369 dura
1068 3305 1155 3388 loqui
1177 3306 1359 3388 sociumque
1382 3305 1506 3388 quietos

682 3407 846 3490 exagitare
868 3406 991 3471 animos
1014 3428 1171 3492 auresque
1194 3408 1326 3493 implere
1350 3428 1490 3473 susurro.

681 3519 741 3575 ne'e
761 3510 825 3575 iarn
849 3511 931 3576 odiis
953 3531 1088 3595 posuere
1111 3512 1257 3594 modum,
1284 3512 1341 3577 sed
1364 3532 1441 3577 voce
1463 3509 1605 3575 nefanda

681 3612 780 3697 impia
802 3614 900 3679 verba
922 3613 1037 3679 ferunt.
1086 3614 1200 3678 silvam
1224 3615 1313 3680 velut
1334 3615 1419 3696 ignis
1441 3613 1547 3679 adurit

680 3717 862 3802 appositus,
887 3717 1072 3802 primaeque
1095 3724 1225 3782 movent
1248 3717 1396 3783 incendia
1417 3717 1582 3798 flammae,

680 3839 751 3885 cum
773 3821 880 3885 tonnis
903 3819 1043 3885 scintilla
1064 3821 1153 3885 leves
1176 3820 1369 3886 succendere
1393 3820 1522 3886 frondes

679 3923 807 4007 incipit,
834 3931 891 3988 aut
912 3922 1046 4006 fragiles
1069 3923 1226 4008 crepitant
1247 3945 1319 3989 eum
1342 3923 1452 3989 fomite
1475 3923 1589 4002 enlmi;

678 4027 801 4102 sumum
824 4032 926 4091 atrum
949 4025 1085 4110 primum
1108 4046 1302 4110 parvamque
1325 4027 1413 4092 exire
1436 4025 1580 4091 faviiLam

679 4150 777 4215 saepe
799 4129 908 4210 rides,
934 4150 1008 4193 mox
1030 4148 1065 4194 se
1088 4148 1207 4193 vacuas
1229 4130 1392 4194 Vulcanus
1415 4129 1458 4195 ad
1480 4149 1574 4195 aures

572 4250 579 4260 ·
679 4232 790 4316 erigit,
816 4239 848 4296 et
871 4232 987 4297 densos
1010 4231 1109 4296 edunt
1130 4231 1216 4295 mala
1238 4229 1367 4295 flamina
1389 4233 1505 4297 eolles:

679 4333 726 4398 sie
747 4328 859 4417 captas
882 4340 1004 4397 mentes
1026 4332 1182 4417 paulatim
1205 4352 1319 4397 acuere
1342 4332 1465 4412 furore,

679 4432 725 4501 sio
747 4456 860 4521 mpero
882 4435 997 4501 minas.
1049 4438 1219 4519 ‘quonam‚
1246 4436 1429 4501 miseranda
1450 4436 1615 4517 iuventus,

679 4538 762 4602 hune
785 4539 929 4621 sequeris
951 4558 1008 4622 per
1029 4538 1117 4603 bella
1139 4538 1251 4603 ducem
1261 4544 1275 4600 :²
1297 4556 1359 4619 quo
1382 4538 1470 4602 fessa
1491 4539 1658 4605 trahuntur

677 4640 828 4722 agmina?
850 4661 913 4724 qua
935 4659 1043 4704 mrsus
1066 4640 1190 4706 miseris
1213 4661 1296 4706 mors
1320 4661 1419 4707 saeva
1440 4649 1570 4725 paratur
1578 4648 1591 4704 τ’

677 4744 758 4817 heu,
784 4743 866 4808 viles
887 4743 1011 4808 animas
1033 4743 1122 4807 vario
1146 4743 1327 4809 discrimine
1350 4745 1472 4825 fundit,

678 4853 711 4912 et
733 4865 854 4911 merces
876 4868 938 4911 non
961 4847 1030 4912 ulla
1052 4846 1157 4911 datur.
1203 4865 1261 4911 nos
1283 4848 1384 4913 Marte
1407 4854 1536 4913 cruento

293 5032 702 5042 .-————--—

360 5147 393 5195 to
413 5149 519 5195 uinxere
538 5145 624 5202 aaut„
645 5146 750 5191 uinxere
768 5145 806 5188 eet
825 5144 931 5189 iunxere
952 5142 982 5200 Τ,
1002 5145 1107 5188 iurrxere
1128 5141 1205 5188 riioez.
1312 5139 1340 5188 41
1363 5141 1456 5188 derisus
1477 5141 1497 5186 Τ
1600 5142 1634 5191 46
1652 5150 1775 5204 portuque
1793 5149 1859 5191 stara
1884 5147 1917 5208 T,

292 5242 426 5295 portusque
445 5235 538 5280 intrare
559 5230 637 5277 diosa.
743 5228 1035 5286 intromisisset,
1058 5227 1266 5276 LorisrosMore.
1392 5226 1423 5273 di
1443 5228 1551 5274 inriti*
1672 5228 1704 5277 48
1723 5229 1874 5290 dispensant
1896 5233 1920 5279 Τ

291 5318 323 5366 50
342 5317 466 5365 abortaT
570 5316 602 5364 54
621 5316 782 5364 reuersutT
885 5315 917 5362 56
935 5329 984 5375 quo
1003 5313 1093 5372 Muza,
1113 5315 1219 5375 quodT
1332 5312 1364 5360 (id
1382 5314 1586 5361 circumfusasY
1689 5317 1800 5377 patuisse
1819 5314 1917 5378 aaa,

289 5404 438 5467 potuisseT
541 5402 731 5451 caruissent
834 5400 1021 5448 d5ductoreT
1125 5399 1156 5448 72
1176 5402 1269 5461 incepit
1284 5399 1304 5444 Τ
1407 5398 1437 5446 73
1457 5399 1917 5461 tumumsrrumBektr.,fu..ram'1'.

289 5489 353 5537 dirue
372 5495 448 5537 tresve
466 5490 574 5544 litterae,
595 5503 657 5551 qaae
676 5493 738 5536 inter
756 5503 771 5534 u
790 5491 813 5534 et
831 5501 842 5533 r
859 5491 973 5534 erorrrtoe
991 5491 1077 5545 erum,
1096 5488 1190 5546 primu,
1211 5491 1239 5535 at
1257 5487 1366 5543 atteror,
1386 5501 1463 5533 mom
1481 5486 1574 5534 delatae
1591 5492 1664 5547 rant,
1684 5490 1814 5535 funeream
1833 5487 1918 5540 Musa.

290 5575 323 5624 76
341 5583 424 5637 captas
444 5575 527 5633 aas„
548 5591 583 5624 on
602 5588 687 5623 caecas
703 5572 837 5634 praeferat,
858 5572 983 5629 dottam,
1004 5574 1071 5633 cepit
1093 5573 1121 5627 Τ,
1142 5574 1225 5633 coepit
1244 5571 1322 5619 Muza.
1452 5586 1540 5619 serrare
1558 5574 1639 5621 furore
1660 5575 1688 5633 Τ,
1709 5574 1844 5622 accendere
1864 5578 1921 5624 ser·

288 5675 333 5709 nor
353 5660 430 5708 aaa.
572 5662 604 5708 ts
624 5661 754 5708 trahantur
775 5660 796 5705 Τ
935 5658 966 5704 ta
985 5673 1034 5718 qua
1053 5659 1139 5715 neas,
1166 5673 1214 5718 quo
1235 5658 1255 5703 Τ
1394 5656 1426 5705 So
1445 5658 1587 5706 discrimino
1606 5661 1700 5720 scripti,
1726 5660 1756 5707 de
1775 5662 1874 5708 semina
1897 5662 1920 5708 T
1991 5660 2007 5674 ⁸

289 5746 319 5796 Si
341 5748 438 5795 cruenti
459 5747 480 5793 Τ
