4440 6276
1017 432 1163 487 (lORIPPl

668 627 817 685 nutantes
839 619 962 685 animos
983 620 1120 705 propriis
1142 640 1177 685 se
1201 619 1334 686 reddere
1359 619 1471 702 signis.

670 743 838 788 assensere
861 722 931 787 riri.
979 723 1091 789 castris
1114 723 1441 807 censuere'maIignis

668 826 823 909 paulatim
846 832 1002 909 temptare
1025 826 1146 909 sugam.
1193 847 1244 891 me
1266 825 1370 891 noctis
1392 825 1516 890 amicae

668 928 807 1011 eripiunt
828 927 1006 1012 trepidum,
1032 928 1127 992 turba
1148 928 1336 1007 comitante,
1363 928 1527 992 tenebrae.

667 1031 920 1115 perveniensque
943 1051 1032 1095 meas
1055 1030 1121 1095 ridi
1145 1051 1215 1096 cum
1238 1031 1374 1114 coniuge
1398 1029 1504 1095 sedes.

668 1133 788 1198 deserit
810 1134 960 1198 infandos
983 1133 1111 1216 fugiens
1135 1134 1306 1199 Marturius
1329 1134 1448 1199 hostes.

668 1242 740 1319 post
762 1236 907 1319 sequitur
928 1236 1033 1301 miles.
1080 1235 1181 1301 voluit
1203 1236 1403 1319 quicunque.
1430 1234 1594 1300 remansit.

668 1337 848 1402 Iustiniana
869 1338 951 1422 polis
973 1339 1135 1403 noctumis
1157 1338 1308 1423 panditur
1330 1338 1439 1403 aunis.

669 1439 848 1524 proditione
870 1441 925 1525 pia
947 1442 1025 1506 ciris
1048 1441 1200 1526 patefecit
1221 1440 1355 1506 amicus,

623 1572 625 1577 ’
669 1543 721 1608 hic
743 1543 822 1627 iuga
843 1564 905 1609 non
927 1544 1030 1629 potuit
1052 1545 1141 1610 saevi
1164 1545 1297 1609 sufferre
1320 1543 1458 1628 tyranni.

670 1646 763 1730 signa
784 1654 891 1712 tamen
915 1648 1033 1712 clausis
1056 1648 1230 1712 servabant
1251 1647 1382 1731 publica
1404 1646 1512 1711 marris.

670 1769 728 1814 nec
752 1750 854 1834 potnit
876 1750 1062 1832 quisquam,
1089 1771 1202 1835 campo
1225 1770 1418 1833 congressus
1440 1755 1569 1832 aperta,

671 1852 816 1918 hostilem
839 1860 995 1936 temptare
1018 1874 1158 1918 manum.
1207 1873 1266 1918 neo
1288 1854 1418 1918 credere
1441 1851 1552 1917 ductor

669 1955 732 2019 iam
756 1956 856 2020 voluit
879 1956 974 2021 sociis
998 1956 1103 2021 Sintia
1126 1956 1254 2021 virente
1280 1955 1436 2038 maligno.

755 2057 865 2123 Africa
888 2058 962 2123 dum
985 2059 1083 2125 tantis
1107 2066 1261 2141 urguetur
1283 2059 1370 2124 sessa
1392 2056 1535 2142 periclis,

669 2160 874 2226 Ariobindeis
896 2161 1055 2227 fulserunt
1075 2183 1215 2245 aequora
1236 2162 1349 2245 proris.

670 2262 810 2329 adventu
833 2271 983 2348 stupuere
1006 2264 1109 2330 ducis.
1156 2285 1236 2347 gens
1266 2264 1377 2330 territa
1398 2263 1495 2331 cessit

672 2367 863 2449 Laguantan
885 2367 990 2432 terris.
1038 2368 1158 2433 utinam
1182 2388 1244 2432 non
1267 2368 1324 2431 illo
1346 2373 1479 2452 penates

672 2469 848 2533 Poenorum
872 2469 1006 2535 vidisset
1027 2469 1129 2535 iners!
1157 2479 1233 2535 tunc
1254 2470 1364 2535 Africa
1385 2468 1495 2535 clades

673 2574 831 2657 persensit
853 2573 999 2655 graviore
1022 2574 1107 2637 malo
1131 2593 1310 2655 saevasque
1333 2572 1463 2657 rapinas

671 2676 753 2741 inter
775 2684 942 2759 utrumque
965 2676 1089 2741 ducem.
1136 2676 1238 2740 nescit
1259 2675 1429 2740 commissa
1450 2680 1594 2759 potestas

671 2781 826 2862 aequales
849 2781 982 2845 sufferre
1005 2779 1098 2845 duos.
1145 2779 1299 2844 consortis
1321 2778 1458 2843 amicum

672 2882 804 2948 saecula
825 2883 916 2948 nulla
937 2882 1053 2947 ferunt.
1100 2881 1147 2946 sic
1168 2900 1227 2946 nos
1249 2882 1399 2966 exempla
1424 2880 1563 2966 priorum

672 2987 744 3070 ipsa
766 2985 890 3051 docent.
938 2985 1031 3069 primi
1053 2984 1197 3066 sequitur
1218 3005 1277 3070 pes
1300 2991 1386 3050 mota
1407 2981 1586 3065 secundus,

672 3109 765 3154 crura
787 3087 879 3173 pedis
902 3087 1014 3169 ritum,
1042 3086 1157 3170 capitis
1180 3107 1240 3152 sua
1261 3088 1404 3152 membra
1427 3094 1618 3167 sequuntur.

673 3197 705 3256 et
726 3191 845 3275 proprii
868 3190 996 3273 generis
1019 3190 1154 3255 fructum
1179 3190 1257 3255 dant
1279 3191 1393 3255 arbore
1416 3188 1508 3254 rami.

673 3293 811 3358 mundus
833 3292 939 3358 adhuc
961 3293 1049 3358 rudis
1073 3300 1105 3359 et
1127 3293 1234 3377 paruis
1258 3293 1312 3357 vix
1335 3293 1439 3358 iaetrrs
1462 3290 1569 3357 aristis

673 3417 736 3461 non
759 3396 860 3481 potuit
881 3403 1006 3481 portare
1029 3395 1127 3473 duos,
1155 3417 1214 3460 uon
1237 3395 1379 3460 maxima
1401 3416 1504 3460 rerum

673 3502 791 3581 Roma,
815 3518 914 3564 noros
936 3499 1062 3583 proprio
1084 3520 1167 3582 quae
1190 3498 1297 3564 sanxit
1319 3498 1477 3581 sanguine
1500 3518 1618 3562 muros.

673 3602 802 3666 aemuia
823 3601 977 3667 diuiditur
999 3601 1132 3666 confusa
1154 3608 1261 3667 mente
1284 3603 1450 3679 voluntas,

673 3704 918 3790 despiciensque
941 3725 1050 3790 parem
1074 3704 1197 3769 discors
1220 3705 1396 3789 peruransit
1417 3712 1562 3785 uterque.

673 3808 827 3874 dividitur
849 3808 995 3893 geminas
1017 3809 1100 3874 inter
1123 3829 1175 3873 res
1198 3807 1328 3892 publica
1350 3814 1468 3891 partes.

673 3910 808 3993 quisque
831 3930 905 3975 suos
928 3918 1058 3976 tenuero
1081 3910 1192 3975 duces.
1239 3910 1379 3992 dumque
1401 3909 1457 3974 ilie
1480 3911 1637 3994 superbus

674 4032 709 4078 se
732 4012 867 4097 primum
891 4033 962 4078 csse
985 4020 1092 4096 putat‚
1119 4033 1182 4077 non
1205 4033 1240 4077 se
1262 4020 1371 4078 tamen
1392 4013 1449 4078 ille
1473 4012 1666 4092 secundum,

673 4116 784 4181 Africa
805 4114 982 4180 barbaricis
1004 4115 1131 4200 planxit
1152 4115 1272 4181 nudata
1294 4115 1428 4200 rapinis.

675 4219 839 4283 ductorum
861 4217 968 4298 iussu,
994 4218 1106 4283 merito
1130 4218 1284 4301 fortisque
1306 4219 1475 4299 Iohannis,

674 4328 872 4405 temptavere
895 4320 980 4384 feros
1002 4321 1114 4403 aequis
1137 4342 1200 4386 non
1222 4322 1366 4405 partibus
1390 4322 1506 4387 hostes.

675 4423 734 4490 sed
757 4423 833 4489 ricti
855 4423 976 4508 petiere
998 4424 1120 4507 fugam.
1168 4424 1328 4489 discordia
1350 4426 1466 4491 mentis

675 4527 752 4592 vicit
773 4546 881 4592 amare
903 4526 1000 4590 viros.
1047 4546 1155 4592 rursus
1179 4526 1244 4591 dux
1265 4527 1336 4612 ipse
1359 4528 1518 4594 Iohannes

674 4629 770 4714 signa
791 4649 922 4694 marens
946 4630 1064 4695 densos
1087 4631 1177 4696 vadit
1198 4631 1369 4696 moriturus
1391 4631 1424 4696 in
1447 4632 1556 4699 hostes

674 4733 811 4799 confisus
834 4733 950 4799 uirtute
973 4753 1048 4813 sua,
1076 4733 1236 4817 sortesque
1260 4734 1403 4800 tribunos

674 4856 782 4901 secum
805 4835 848 4901 ad
870 4836 957 4900 bella
979 4835 1129 4913 trahens,
1156 4837 1254 4901 tantis
1277 4857 1463 4902 concurrere
1486 4837 1636 4902 monstris

676 4960 738 5004 non
760 4939 875 5005 timuit.
923 4939 1022 5004 durae
1045 4939 1236 5023 contempsit
1259 4941 1393 5005 vulnera
1415 4940 1524 5004 mortis

676 5063 733 5128 pro
755 5043 859 5128 patria
881 5049 1048 5107 contentus
1070 5062 1168 5106 anaor.
1216 5043 1374 5127 persensit
1397 5051 1432 5108 ut
1454 5043 1555 5108 hostis

676 5146 850 5212 adventum
872 5165 1042 5230 properare
1065 5145 1140 5227 seri,
1167 5165 1230 5209 non
1253 5145 1381 5228 segnior
1403 5146 1460 5210 iile

360 5393 393 5443 99
411 5407 532 5442 censuere
543 5395 638 5455 mapa,
658 5390 795 5440 senserei'
899 5390 930 5439 72
949 5389 1168 5452 perdentesqueT
1273 5389 1305 5437 76
1324 5388 1432 5451 piami'
1518 5391 1581 5438 einis
1597 5390 1625 5451 T,
1645 5389 1789 5449 euiusleoit
1801 5388 1880 5443 nan.

290 5481 396 5544 proiecit
415 5479 493 5528 Mosa.
600 5477 632 5526 80
651 5478 739 5525 cedere
759 5476 837 5524 siloas.
944 5475 973 5524 81
996 5478 1068 5525 sociis
1086 5478 1179 5537 scripsi,
1200 5478 1276 5522 saraias
1298 5476 1318 5521 Τ
1422 5475 1454 5523 89
1472 5475 1632 5524 Artobiudeis
1652 5474 1765 5537 locam„
1787 5477 1857 5525 ariob
1875 5479 1920 5525 in-

289 5569 330 5616 dis
353 5566 380 5626 Τ,
400 5564 529 5614 Ariobiudi
550 5563 629 5613 dines.
735 5564 767 5612 85
786 5563 982 5622 laugnautanT
1083 5561 1116 5610 92
1135 5561 1246 5609 eluraT
1349 5560 1380 5608 91
1400 5562 1428 5608 ad
1448 5561 1551 5608 truneT
1653 5561 1699 5608 nis
1716 5561 1803 5619 Besa,
1822 5574 1880 5611 mox
1896 5562 1920 5611 Τ

289 5652 323 5703 911
341 5650 471 5699 snnxitT
587 5648 629 5697 191
653 5649 696 5696 iile
717 5649 746 5707 Τ,
766 5650 814 5696 iste
833 5646 908 5697 Μαιι.
1027 5647 1074 5697 rat
1093 5646 1199 5695 iarosT
1314 5645 1362 5693 196
1380 5661 1461 5694 aurore
1481 5645 1557 5696 Maca.
1668 5645 1713 5694 191Ι
1733 5646 1802 5695 tradit
1818 5650 1918 5711 scripsi,

289 5740 356 5788 uidit
378 5737 406 5797 Τ,
427 5738 476 5785 init
495 5734 572 5783 dinae.
680 5735 727 5783 199
747 5749 830 5782 serum
852 5733 940 5793 Moza,
960 5735 1059 5781 sotiiT
1165 5732 1212 5781 119
1231 5731 1402 5780 contenuitT
1508 5731 1551 5781 ill
1574 5731 1658 5779 hostes
1680 5731 1701 5777 Τ
