4440 6276
291 396 388 460 XXII
990 395 1219 448 Pnoossuun.

291 619 389 683 aliam
412 619 512 682 ullanr
536 618 646 682 urbem
671 618 860 682 Tacienscm
874 621 942 700 ¹⁰2),
977 618 1034 683 scd
1057 639 1155 703 prope
1179 619 1281 702 ipsam
1304 620 1427 697 illam(
1447 640 1530 700 qrrae
1554 620 1697 684 Siccensi
1726 620 1760 683 in
1789 621 1920 703 regione

292 739 353 804 sita
376 745 473 818 esset,
499 739 673 802 Iohannem
697 745 729 802 et
751 737 886 802 Statiam
910 758 997 802 arma
1021 739 1222 803 conseruisse
1248 739 1325 803 satis
1349 747 1482 803 constat.

378 894 447 957 Iam
477 893 519 956 ad
548 892 652 975 ipsam
683 912 810 976 pugnae
834 892 1079 975 descriptionem
1103 893 1130 956 si
1155 893 1383 973 convertimur,
1418 894 1541 956 nullum
1564 894 1750 977 scriptorem
1773 913 1845 958 cum
1868 913 1922 958 ce-

293 1013 371 1078 teris
399 1012 526 1076 omnino
557 1012 726 1077 convenire
757 1011 986 1094 intellegimus.
1035 1012 1192 1096 Corippus
1230 1014 1316 1076 solus
1354 1011 1476 1077 duobus
1515 1013 1647 1095 proeliis
1676 1033 1747 1077 cum
1777 1013 1921 1078 hostibus

293 1133 469 1197 Iohannem
500 1141 639 1196 certasse
670 1136 897 1208 memoravit.
944 1134 1047 1215 Atque
1072 1153 1089 1196 e
1112 1133 1216 1216 priore
1239 1132 1368 1213 quidem
1392 1141 1520 1216 propter
1543 1132 1706 1196 ductorum
1743 1133 1922 1215 {Ariobindi

293 1263 325 1318 et
341 1253 454 1336 Sergii
484 1253 661 1316 discordias
678 1253 836 1316 Rornanos
859 1252 1026 1317 inferiores
1049 1252 1250 1316 discessisse.
1277 1253 1377 1316 altero
1394 1253 1528 1336 primum
1546 1253 1672 1317 Mauros
1689 1253 1818 1336 fugatos
1834 1271 1916 1334 esse,

294 1373 395 1437 donec
410 1372 618 1455 perfugarum
635 1392 749 1435 manus
766 1371 869 1436 &tutia
886 1373 966 1436 duce
982 1355 1168 1436 accelerans
1184 1393 1327 1455 pugnam
1350 1373 1542 1455 restitueret.
1582 1372 1745 1438 Acerrimo
1768 1372 1828 1437 hoc
1844 1392 1921 1437 con-

292 1513 387 1557 cursu
411 1513 604 1574 quamquam
621 1491 834 1575 Statius-ipse
855 1492 1006 1556 Iohannis
1029 1492 1148 1574 sagitta
1170 1492 1343 1556 transfixus
1366 1492 1546 1573 cecidisset
1572 1493 1605 1557 in
1628 1492 1738 1576 fugam
1761 1492 1921 1558 coniectos

293 1632 365 1678 esse
389 1613 566 1691 Romanos,
600 1611 790 1694 fugientium
823 1620 944 1694 partem
975 1632 1123 1693 magnam
1146 1612 1241 1676 rivuli
1264 1613 1357 1677 alveo
1380 1611 1538 1676 altissimo
1561 1612 1749 1696 impeditam
1771 1613 1918 1696 periisse.

295 1732 441 1798 Dubitari
464 1732 583 1813 nequit,
610 1731 687 1813 quin
710 1730 855 1795 eiusdem
878 1730 937 1794 riri
959 1730 993 1795 in
1010 1731 1087 1815 ripis
1103 1731 1278 1796 Iohannem
1296 1733 1408 1796 ducem
1427 1732 1468 1795 ab
1485 1732 1628 1796 hostibus
1644 1752 1832 1817 oppressam
1848 1751 1920 1797 esse

293 1854 452 1938 Corippns
475 1852 662 1926 narraverit,
688 1871 881 1933 qrranrquam
897 1850 1092 1915 lohannidos
1109 1872 1219 1915 uersus
1236 1852 1287 1916 hic
1316 1852 1461 1930 ’,111201Ι
1488 1872 1552 1916 non
1567 1852 1662 1935 pauci
1677 1851 1916 1917 interciderunt.

292 1973 487 2039 lohannidos
511 1972 595 2038 enim
619 1973 765 2035 lacunam
782 1971 926 2054 Procopii
950 1971 1029 2035 haec
1052 1973 1148 2035 rerba
1171 1973 1365 2036 resarciunt:
1393 1976 1489 2057 χώρας
1514 1972 1546 2035 δέ
1569 1997 1611 2044 τις
1635 1963 1671 2056 ἦν
1695 1968 1841 2055 κατάντης
1865 1973 1918 2035 ἐν-

290 2096 408 2171 eabba,
446 2086 480 2157 ab
511 2087 661 2178 0ὴάοτον
687 2086 852 2176 ἀποβάλλει
875 2087 1005 2162 ὀκλάσας
1029 2089 1043 2155 b
1067 2091 1166 2163 ἵππος.
1215 2088 1265 2177 ἐφ’
1290 2085 1324 2155 bv
1349 2083 1437 2164 alna
1461 2089 1548 2157 αὐτὸν
1573 2088 1779 2177 ἀναθρώσκειν
1801 2089 1919 2177 πειρώ-

292 2239 378 2299 μενον
402 2211 621 2298 καταλαβόντες
645 2213 672 2275 οἱ
695 2213 833 2294 πολέμιοι
856 2213 1029 2276 κτείνουσιν.
1057 2204 1151 2296 ἄνδρα
1166 2208 1322 2296 γενόμενον
1340 2208 1408 2298 δόξῃ
1425 2238 1456 2276 τε
1479 2211 1530 2276 καλ
1555 2209 1646 2298 ἀρετῇ
1671 2213 1776 2296 μέγαν.
1825 2212 1921 2277 Cete-

291 2356 361 2400 rum
384 2355 447 2399 non
470 2334 592 2398 Statiae
615 2331 798 2416 iprsirrs¹⁰⁴;,
830 2332 887 2396 sed
911 2332 994 2396 alius
1017 2333 1189 2416 perfugae,
1216 2333 1367 2415 amrigeri
1392 2331 1499 2396 forsan
1522 2332 1718 2413 sauciantis)
1746 2351 1844 2395 manu
1865 2331 1920 2396 Io-

291 2457 431 2519 hannem
454 2454 592 2518 occisum
616 2472 688 2516 esse
712 2453 857 2536 Procopii
880 2451 1073 2536 Corippique
1098 2472 1255 2517 consensu
1279 2452 1358 2516 satis
1383 2461 1518 2517 constat.

378 2611 510 2690 Pugnae
533 2607 703 2671 Taciensis
733 2607 820 2671 exitu
850 2607 994 2671 nuntiato
1025 2626 1096 2670 cunr
1126 2626 1165 2669 ne
1192 2605 1410 2670 lastinianum
1442 2606 1570 2687 quidem
1608 2607 1723 2671 lateret
1758 2606 1918 2671 exercitus

229 2714 231 2718 ,
291 2729 434 2794 Africani
457 2727 590 2811 imperio
613 2726 761 2811 bipartito
784 2726 979 2810 provinciam
1004 2725 1147 2790 funditus
1171 2724 1279 2810 perdi.
1307 2724 1436 2808 Sergio,
1464 2727 1496 2789 in
1519 2747 1614 2808 quem
1638 2727 1740 2791 cladis
1763 2724 1918 2809 gravissi-

292 2871 363 2915 nrae
386 2850 514 2933 culpam
538 2866 647 2911 omnes
672 2847 882 2911 contulerunt.
909 2854 1055 2910 revocato
1078 2846 1135 2909 toti
1159 2846 1292 2910 militiae
1309 2845 1480 2910 Africanae
1497 2845 1706 2910 Ariobindnm
1729 2844 1918 2928 magistrum

291 2968 457 3056 praefecit.
504 2967 567 3045 Qui
598 2986 695 3031 senex
726 2965 862 3048 ignarus
892 2987 932 3031 ne
964 2986 1092 3030 suorum
1116 2965 1245 3047 quidem
1269 2965 1403 3029 insidias
1427 2966 1634 3050 comprimere
1657 2967 1770 3030 valens
1793 2964 1918 3029 dnobus

291 3090 455 3156 mensibus
478 3095 551 3172 post
572 3107 592 3150 a
615 3085 806 3151 Guntaritbo
821 3086 994 3151 Numidiae
1018 3087 1098 3150 duce
1123 3085 1284 3165 seditioso,
1312 3085 1445 3168 imperio
1467 3086 1611 3168 privatus
1634 3086 1915 3167 obtruncatur¹⁰⁶l.

291 3209 504 3276 (nantarithus
532 3228 597 3272 non
627 3206 681 3270 diu
712 3205 979 3273 dominationem.
1013 3227 1076 3289 qua
1100 3205 1219 3290 potitus
1243 3212 1326 3285 erat,
1360 3205 1471 3269 tenuit.
1520 3205 1696 3270 Tricesimo
1720 3211 1810 3270 sexto
1834 3205 1918 3270 enim

290 3329 470 3416 tyrannidis
493 3328 546 3392 die
569 3328 610 3392 ab
627 3327 789 3392 Artabano
804 3327 955 3391 Armenio
978 3327 1061 3391 inter·
1083 3346 1194 3391 cenam
1213 3325 1391 3390 trucidatus
1407 3333 1465 3390 est.
1508 3324 1626 3390 Caedis
1642 3331 1802 3391 auctorem
1818 3325 1921 3389 Atha-

290 3451 414 3517 nasium
439 3469 560 3526 senem„
587 3447 713 3512 consilii
734 3455 856 3511 tantum
880 3447 1059 3510 ministrum
1083 3447 1279 3510 Artabanum
1297 3444 1454 3529 Corippus
1477 3445 1643 3528 praedicat
1655 3449 1717 3528 ¹⁰²).
1758 3447 1800 3509 At
1821 3451 1920 3510 totam

290 3571 442 3638 facinoris
464 3568 594 3634 laudern
617 3568 779 3635 Artabano
803 3567 981 3649 ceterisque
997 3564 1157 3630 Armeniis
1172 3565 1344 3648 Procopius
1367 3565 1508 3649 impertit
1521 3569 1583 3645 ¹⁰⁸).
1624 3565 1684 3631 eui
1707 3566 1736 3630 si
1758 3565 1839 3630 fides
1861 3565 1920 3629 ha-

289 3691 420 3769 benda.
452 3688 668 3765 Athanasius,
706 3688 761 3769 qni
790 3687 917 3751 Africae
952 3684 1155 3770 praefectura
1189 3684 1354 3750 functurus
1385 3704 1456 3749 cunr
1487 3685 1662 3750 Ariobindo
1691 3685 1919 3768 Carthaginem

289 3814 501 3889 venerabli„
536 3809 656 3891 vilique
683 3808 800 3873 deinde
823 3807 1007 3871 adulatione
1030 3826 1049 3869 a
1073 3805 1266 3870 Guntaritho
1287 3805 1456 3888 imperium
1478 3812 1668 3887 usurpante,
1703 3813 1738 3869 ut
1760 3804 1823 3869 sibi
1845 3824 1921 3889 par-

300 4035 703 4048 ,-..-...--...—--—-—-

378 4190 435 4251 102)
457 4183 544 4238 Plures
570 4188 682 4238 eiusdem
706 4189 813 4234 rronrinis
839 4187 912 4233 urbes
937 4189 1016 4233 inisse
1040 4185 1100 4233 iude
1123 4186 1242 4245 colligas,
1268 4185 1334 4246 quozl
1355 4184 1460 4233 ‘Paciae
1480 4181 1632 4244 Montanae‘,
1659 4187 1801 4247 provinciae
1819 4185 1918 4232 Africae

290 4280 470 4342 proconsularls
489 4275 589 4337 oppidi,
615 4274 727 4336 episcopi
745 4279 923 4320 memorantur.
963 4272 995 4318 ci.
1017 4271 1127 4319 Marcelli
1146 4273 1201 4319 afr.
1223 4270 1280 4319 Chr.
1302 4272 1313 4317 l
1332 4286 1357 4333 p.
1379 4269 1438 4319 200.
1477 4271 1569 4319 Vtrum
1587 4272 1618 4319 ad
1637 4272 1770 4333 oppidum.
1797 4271 1868 4317 cuins
1889 4271 1918 4317 in

290 4379 348 4426 agro
367 4370 506 4426 pugnatum
525 4367 571 4411 est.
593 4373 728 4420 cognomen
748 4358 790 4405 hoc
811 4358 961 4417 pertinuerit
981 4370 1026 4404 nec
1045 4371 1085 4417 ue,
1107 4371 1196 4418 parum
1215 4365 1321 4405 constat.

380 4466 435 4525 103)Ι
459 4465 513 4514 Cor.
535 4464 588 4512 lob⁴
605 4460 703 4511 10103
722 4460 851 4508 ductorum
870 4462 956 4516 iussu,
978 4461 1067 4507 merito
1085 4461 1206 4521 fortisque
1226 4459 1344 4507 Iohannis

722 4552 875 4608 temptavere
893 4546 956 4593 ieros
974 4547 1059 4606 aequis
1078 4559 1127 4592 uon
1146 4547 1259 4607 partibus
1277 4545 1369 4594 hostes.

721 4633 765 4680 sed
785 4633 844 4679 sirti
862 4633 957 4693 petiere
975 4632 1069 4691 lugam.
1108 4632 1229 4679 discordia
1247 4633 1340 4679 mentis

721 4719 780 4765 vicit
799 4730 881 4765 amare
900 4719 972 4766 viros.
1012 4731 1099 4765 rursus
1118 4718 1169 4764 dux
1188 4720 1242 4779 lpse
1261 4717 1383 4764 lohannes

721 4805 792 4864 signa
811 4816 913 4851 movens
931 4803 1021 4850 densos
1040 4803 1108 4851 vadit
1128 4804 1263 4851 moriturus
1281 4803 1309 4849 in
1329 4802 1419 4850 hostes.

380 4911 436 4972 104)
459 4911 523 4957 Vict.
546 4909 668 4957 Tununu.
689 4908 728 4955 ed.
749 4907 862 4955 Ronealli
881 4907 905 4954 ll
924 4921 949 4968 p.
971 4905 1028 4956 311.

379 5015 435 5076 105)
458 5013 619 5061 Marcellinus
637 5025 718 5059 comes
737 5010 778 5059 ed.
799 5010 910 5060 nonealn
930 5011 953 5057 ll
971 5006 998 5073 p.
1020 5008 1069 5057 330
1099 5011 1167 5071 ‘post
1185 5010 1340 5056 consulatum
1360 5008 1446 5055 Basilii
1465 5020 1530 5054 anuo
1547 5006 1583 5052 10
1605 5004 1682 5065 (5⁴5).
1722 5006 1751 5052 Iu
1770 5007 1858 5054 Africa
1876 5007 1916 5054 Io-

290 5115 369 5150 annes
387 5103 492 5149 inruens
511 5112 588 5161 snper
607 5104 739 5157 tyrannum
760 5096 871 5146 stotzam
890 5097 1014 5144 interimit
1031 5109 1089 5143 eum
1109 5104 1134 5143 ct
1153 5097 1207 5156 ipse
1226 5096 1256 5142 ab
1275 5096 1330 5143 eius
1349 5094 1470 5142 occiditur
1487 5094 1627 5153 armigero'.

380 5203 435 5263 100)
457 5203 527 5252 Prae.
549 5203 575 5252 b.
595 5202 676 5250 Vand.
698 5198 782 5249 1125.
805 5196 847 5248 20.
886 5198 940 5247 Cor.
961 5199 1013 5248 Iob.
1034 5199 1071 5246 10
1089 5197 1233 5248 222-220.

380 5306 436 5368 101)
456 5307 514 5356 Cor.
534 5305 587 5354 ioh.
609 5304 645 5352 10
664 5301 809 5354 tar-242.

378 5408 434 5472 108)
456 5409 525 5458 Proc.
546 5410 570 5457 b.
593 5407 674 5456 Vand.
696 5407 719 5455 ll
738 5405 781 5455 21.
802 5404 844 5456 28.

380 5512 436 5573 100)
458 5513 526 5562 Prae.
547 5513 572 5562 b.
594 5510 668 5560 Goth.
689 5512 712 5558 11
731 5508 765 5560 22
784 5522 849 5558 anno
869 5507 918 5558 5³9
937 5509 1104 5558 Athanasium
1123 5507 1210 5556 ltaliae
1228 5507 1350 5568 praetorio
1368 5507 1523 5569 praetectum
1541 5517 1596 5553 esse
1614 5509 1730 5552 metatur.
1766 5494 1917 5554 'stadum

290 5599 337 5668 pis
356 5595 470 5668 ὕπαρχον
489 5604 540 5649 τῶν
560 5594 586 5648 ἐν
597 5587 752 5653 Ἰταλιώταις
771 5591 930 5665 αραιτωρίων
948 5593 1182 5663 καταστησάμενος.
1214 5595 1238 5641 1).
1254 5592 1337 5640 Vand.
1352 5593 1376 5640 lI
1389 5589 1423 5641 21
1441 5588 1484 5649 ξὺν
1496 5588 1567 5656 αὐτῷ
1583 5590 1643 5651 (scil.
1659 5580 1919 5657 Ἀρεοβ1νοῳ)’11οα·

288 5684 374 5740 νάαιον
394 5680 509 5756 ὕπαρχον
527 5679 585 5751 ἄρτι
604 5679 629 5740 tt
647 5676 750 5733 Ἰταλῶν
769 5679 865 5750 ἥκοντα
884 5677 985 5732 ἔστελλε
1008 5684 1069 5744 (acii.
1090 5680 1286 5741 Carthaginem).
