<?xml version="1.0" encoding="UTF-8"?>
<!DOCTYPE html PUBLIC "-//W3C//DTD XHTML 1.0 Transitional//EN"
    "http://www.w3.org/TR/xhtml1/DTD/xhtml1-transitional.dtd">
<html xmlns="http://www.w3.org/1999/xhtml" xml:lang="en" lang="en">
 <head>
  <title>
</title>
<meta http-equiv="Content-Type" content="text/html;charset=utf-8" />
  <meta name='ocr-system' content='tesseract 3.04.00' />
  <meta name='ocr-capabilities' content='ocr_page ocr_carea ocr_par ocr_line ocrx_word'/>
</head>
<body>
  <div class='ocr_page' id='page_1' title='image "./victorisvitensi00victgoog_0216.png"; bbox 0 0 4440 6276; ppageno 0'>
   <div class='ocr_carea' id='block_1_1' title="bbox 784 412 1320 481">
    <p class='ocr_par' dir='ltr' id='par_1_1' title="bbox 784 412 1320 481">
     <span class='ocr_line' id='line_1_1' title="bbox 784 412 1320 481; baseline -0.002 -10"><span class='ocrx_word' id='word_1_1' title='bbox 784 412 1169 471; x_wconf 78' lang='lat' dir='ltr'><strong>lounuulnosulss.1v.</strong></span> <span class='ocrx_word' id='word_1_2' title='bbox 1191 418 1226 471; x_wconf 89' lang='lat' dir='ltr'><strong>V.</strong></span> <span class='ocrx_word' id='word_1_3' title='bbox 1250 418 1320 481; x_wconf 75' lang='lat' dir='ltr'><strong>3le</strong></span> 
     </span>
    </p>
   </div>
   <div class='ocr_carea' id='block_1_2' title="bbox 486 604 1635 5132">
    <p class='ocr_par' dir='ltr' id='par_1_2' title="bbox 628 604 1529 897">
     <span class='ocr_line' id='line_1_2' title="bbox 629 604 1529 690; baseline 0.001 -20"><span class='ocrx_word' id='word_1_4' title='bbox 629 612 702 690; x_wconf 91' lang='lat' dir='ltr'><strong>post</strong></span> <span class='ocrx_word' id='word_1_5' title='bbox 722 605 893 670; x_wconf 72' lang='lat' dir='ltr'><strong>Solomone</strong></span> <span class='ocrx_word' id='word_1_6' title='bbox 915 604 1033 685; x_wconf 82' lang='lat' dir='ltr'><strong>lerum,</strong></span> <span class='ocrx_word' id='word_1_7' title='bbox 1060 605 1154 689; x_wconf 89' lang='lat' dir='ltr'><strong>primi</strong></span> <span class='ocrx_word' id='word_1_8' title='bbox 1178 612 1248 690; x_wconf 92' lang='lat' dir='ltr'><strong>post</strong></span> <span class='ocrx_word' id='word_1_9' title='bbox 1270 606 1339 670; x_wconf 88' lang='lat' dir='ltr'><strong>fata</strong></span> <span class='ocrx_word' id='word_1_10' title='bbox 1360 606 1529 689; x_wconf 81' lang='lat' dir='ltr'>Iohannis,</span> 
     </span>
     <span class='ocr_line' id='line_1_3' title="bbox 629 708 1377 793; baseline 0 -20"><span class='ocrx_word' id='word_1_11' title='bbox 629 709 769 774; x_wconf 81' lang='lat' dir='ltr'><strong>Antalan</strong></span> <span class='ocrx_word' id='word_1_12' title='bbox 792 709 937 793; x_wconf 76' lang='lat' dir='ltr'>cuiquam</span> <span class='ocrx_word' id='word_1_13' title='bbox 960 709 1046 775; x_wconf 85' lang='lat' dir='ltr'><strong>bello</strong></span> <span class='ocrx_word' id='word_1_14' title='bbox 1068 715 1225 793; x_wconf 82' lang='lat' dir='ltr'><strong>temptare</strong></span> <span class='ocrx_word' id='word_1_15' title='bbox 1247 708 1377 774; x_wconf 74' lang='lat' dir='ltr'><strong>licebit?</strong></span> 
     </span>
     <span class='ocr_line' id='line_1_4' title="bbox 628 812 1501 897; baseline -0.002 -20"><span class='ocrx_word' id='word_1_16' title='bbox 628 819 746 877; x_wconf 85' lang='lat' dir='ltr'><strong>terreat</strong></span> <span class='ocrx_word' id='word_1_17' title='bbox 768 832 844 894; x_wconf 88' lang='lat' dir='ltr'><strong>ergo</strong></span> <span class='ocrx_word' id='word_1_18' title='bbox 866 812 976 896; x_wconf 93' lang='lat' dir='ltr'><strong>lupum</strong></span> <span class='ocrx_word' id='word_1_19' title='bbox 999 832 1135 897; x_wconf 86' lang='lat' dir='ltr'><strong>pascens</strong></span> <span class='ocrx_word' id='word_1_20' title='bbox 1157 812 1192 877; x_wconf 94' lang='lat' dir='ltr'><strong>in</strong></span> <span class='ocrx_word' id='word_1_21' title='bbox 1214 812 1353 877; x_wconf 86' lang='lat' dir='ltr'><strong>vallibus</strong></span> <span class='ocrx_word' id='word_1_22' title='bbox 1375 820 1501 896; x_wconf 73' lang='lat' dir='ltr'><strong>agnus?</strong></span> 
     </span>
    </p>

    <p class='ocr_par' dir='ltr' id='par_1_3' title="bbox 486 914 1593 1601">
     <span class='ocr_line' id='line_1_5' title="bbox 486 914 1535 1000; baseline -0.002 -20"><span class='ocrx_word' id='word_1_23' title='bbox 486 936 490 948; x_wconf 90' lang='lat'>·</span> <span class='ocrx_word' id='word_1_24' title='bbox 520 936 533 971; x_wconf 70' lang='lat' dir='ltr'><strong>s,</strong></span> <span class='ocrx_word' id='word_1_25' title='bbox 629 923 661 980; x_wconf 89' lang='lat' dir='ltr'><strong>et</strong></span> <span class='ocrx_word' id='word_1_26' title='bbox 683 915 733 980; x_wconf 88' lang='lat' dir='ltr'><strong>leo</strong></span> <span class='ocrx_word' id='word_1_27' title='bbox 754 915 818 980; x_wconf 90' lang='lat' dir='ltr'><strong>iam</strong></span> <span class='ocrx_word' id='word_1_28' title='bbox 841 922 961 981; x_wconf 88' lang='lat' dir='ltr'><strong>metuat</strong></span> <span class='ocrx_word' id='word_1_29' title='bbox 983 922 1166 1000; x_wconf 81' lang='lat' dir='ltr'><strong>surgentem</strong></span> <span class='ocrx_word' id='word_1_30' title='bbox 1188 914 1222 980; x_wconf 92' lang='lat' dir='ltr'><strong>in</strong></span> <span class='ocrx_word' id='word_1_31' title='bbox 1244 935 1363 981; x_wconf 87' lang='lat' dir='ltr'><strong>cornua</strong></span> <span class='ocrx_word' id='word_1_32' title='bbox 1385 935 1513 981; x_wconf 90' lang='lat' dir='ltr'><strong>cervum</strong></span> <span class='ocrx_word' id='word_1_33' title='bbox 1522 924 1535 978; x_wconf 67' lang='grc' dir='ltr'><strong>τ’</strong></span> 
     </span>
     <span class='ocr_line' id='line_1_6' title="bbox 629 1018 1520 1103; baseline -0.001 -20"><span class='ocrx_word' id='word_1_34' title='bbox 629 1018 757 1083; x_wconf 83' lang='lat' dir='ltr'><strong>vividus</strong></span> <span class='ocrx_word' id='word_1_35' title='bbox 780 1039 833 1084; x_wconf 89' lang='lat' dir='ltr'><strong>ore</strong></span> <span class='ocrx_word' id='word_1_36' title='bbox 856 1018 945 1083; x_wconf 89' lang='lat' dir='ltr'><strong>canis</strong></span> <span class='ocrx_word' id='word_1_37' title='bbox 968 1018 1108 1103; x_wconf 89' lang='lat' dir='ltr'><strong>leporem</strong></span> <span class='ocrx_word' id='word_1_38' title='bbox 1132 1018 1323 1100; x_wconf 82' lang='lat' dir='ltr'><strong>demumque</strong></span> <span class='ocrx_word' id='word_1_39' title='bbox 1347 1027 1520 1103; x_wconf 78' lang='lat' dir='ltr'><strong>pavescat?</strong></span> 
     </span>
     <span class='ocr_line' id='line_1_7' title="bbox 630 1120 1491 1204; baseline -0.001 -18"><span class='ocrx_word' id='word_1_40' title='bbox 630 1126 661 1186; x_wconf 93' lang='lat' dir='ltr'><strong>et</strong></span> <span class='ocrx_word' id='word_1_41' title='bbox 683 1121 771 1186; x_wconf 84' lang='lat' dir='ltr'><strong>ferus</strong></span> <span class='ocrx_word' id='word_1_42' title='bbox 793 1120 945 1204; x_wconf 86' lang='lat' dir='ltr'><strong>accipiter</strong></span> <span class='ocrx_word' id='word_1_43' title='bbox 967 1121 1075 1186; x_wconf 90' lang='lat' dir='ltr'><strong>mitem</strong></span> <span class='ocrx_word' id='word_1_44' title='bbox 1099 1121 1158 1186; x_wconf 91' lang='lat' dir='ltr'><strong>sub</strong></span> <span class='ocrx_word' id='word_1_45' title='bbox 1181 1121 1266 1186; x_wconf 92' lang='lat' dir='ltr'><strong>nube</strong></span> <span class='ocrx_word' id='word_1_46' title='bbox 1289 1121 1491 1187; x_wconf 71' lang='lat' dir='ltr'><strong>columbam?</strong></span> 
     </span>
     <span class='ocr_line' id='line_1_8' title="bbox 629 1223 1593 1309; baseline 0.001 -21"><span class='ocrx_word' id='word_1_47' title='bbox 629 1225 770 1308; x_wconf 77' lang='lat' dir='ltr'><strong>armiger</strong></span> <span class='ocrx_word' id='word_1_48' title='bbox 791 1224 859 1309; x_wconf 91' lang='lat' dir='ltr'><strong>ipse</strong></span> <span class='ocrx_word' id='word_1_49' title='bbox 882 1224 968 1288; x_wconf 89' lang='lat' dir='ltr'><strong>lovis</strong></span> <span class='ocrx_word' id='word_1_50' title='bbox 988 1223 1143 1307; x_wconf 78' lang='lat' dir='ltr'>liquidam</span> <span class='ocrx_word' id='word_1_51' title='bbox 1167 1224 1372 1290; x_wconf 76' lang='lat' dir='ltr'><strong>tremefactus</strong></span> <span class='ocrx_word' id='word_1_52' title='bbox 1394 1224 1428 1289; x_wconf 93' lang='lat' dir='ltr'><strong>in</strong></span> <span class='ocrx_word' id='word_1_53' title='bbox 1450 1225 1593 1290; x_wconf 88' lang='lat' dir='ltr'><strong>aethram</strong></span> 
     </span>
     <span class='ocr_line' id='line_1_9' title="bbox 630 1329 1503 1412; baseline -0.002 -19"><span class='ocrx_word' id='word_1_54' title='bbox 630 1329 764 1411; x_wconf 86' lang='lat' dir='ltr'><strong>effugiat</strong></span> <span class='ocrx_word' id='word_1_55' title='bbox 786 1348 955 1393; x_wconf 85' lang='lat' dir='ltr'><strong>raucamve</strong></span> <span class='ocrx_word' id='word_1_56' title='bbox 977 1347 1089 1411; x_wconf 85' lang='lat' dir='ltr'><strong>gruem</strong></span> <span class='ocrx_word' id='word_1_57' title='bbox 1111 1347 1291 1412; x_wconf 84' lang='lat' dir='ltr'><strong>cygnumve</strong></span> <span class='ocrx_word' id='word_1_58' title='bbox 1315 1335 1503 1394; x_wconf 77' lang='lat' dir='ltr'><strong>canentem?</strong></span> 
     </span>
     <span class='ocr_line' id='line_1_10' title="bbox 629 1430 1368 1515; baseline -0.001 -20"><span class='ocrx_word' id='word_1_59' title='bbox 629 1431 732 1495; x_wconf 90' lang='lat' dir='ltr'><strong>omnis</strong></span> <span class='ocrx_word' id='word_1_60' title='bbox 754 1439 787 1497; x_wconf 90' lang='lat' dir='ltr'><strong>et</strong></span> <span class='ocrx_word' id='word_1_61' title='bbox 807 1430 944 1496; x_wconf 89' lang='lat' dir='ltr'><strong>inversis</strong></span> <span class='ocrx_word' id='word_1_62' title='bbox 966 1438 1079 1515; x_wconf 86' lang='lat' dir='ltr'><strong>pereat</strong></span> <span class='ocrx_word' id='word_1_63' title='bbox 1099 1438 1214 1496; x_wconf 88' lang='lat' dir='ltr'><strong>natura</strong></span> <span class='ocrx_word' id='word_1_64' title='bbox 1235 1430 1368 1514; x_wconf 76' lang='lat' dir='ltr'><strong>figuris?</strong></span> 
     </span>
     <span class='ocr_line' id='line_1_11' title="bbox 630 1534 1380 1601; baseline 0.003 -3"><span class='ocrx_word' id='word_1_65' title='bbox 630 1534 780 1599; x_wconf 84' lang='lat' dir='ltr'><strong>ltomanis</strong></span> <span class='ocrx_word' id='word_1_66' title='bbox 803 1534 919 1600; x_wconf 89' lang='lat' dir='ltr'><strong>totiens</strong></span> <span class='ocrx_word' id='word_1_67' title='bbox 941 1534 1056 1600; x_wconf 89' lang='lat' dir='ltr'><strong>iterum</strong></span> <span class='ocrx_word' id='word_1_68' title='bbox 1079 1554 1265 1601; x_wconf 87' lang='lat' dir='ltr'><strong>concurrere</strong></span> <span class='ocrx_word' id='word_1_69' title='bbox 1288 1534 1380 1600; x_wconf 78' lang='lat' dir='ltr'><strong>uictis</strong></span> 
     </span>
    </p>

    <p class='ocr_par' dir='ltr' id='par_1_4' title="bbox 520 1637 1635 1929">
     <span class='ocr_line' id='line_1_12' title="bbox 520 1637 1553 1728; baseline -0.003 -25"><span class='ocrx_word' id='word_1_70' title='bbox 520 1715 527 1728; x_wconf 47' lang='grc'>,</span> <span class='ocrx_word' id='word_1_71' title='bbox 629 1658 703 1703; x_wconf 90' lang='lat' dir='ltr'><strong>ecee</strong></span> <span class='ocrx_word' id='word_1_72' title='bbox 727 1639 842 1723; x_wconf 88' lang='lat' dir='ltr'><strong>placet.</strong></span> <span class='ocrx_word' id='word_1_73' title='bbox 890 1657 999 1703; x_wconf 87' lang='lat' dir='ltr'><strong>rursus</strong></span> <span class='ocrx_word' id='word_1_74' title='bbox 1022 1637 1155 1703; x_wconf 85' lang='lat' dir='ltr'><strong>redeant</strong></span> <span class='ocrx_word' id='word_1_75' title='bbox 1177 1646 1209 1704; x_wconf 91' lang='lat' dir='ltr'><strong>et</strong></span> <span class='ocrx_word' id='word_1_76' title='bbox 1230 1638 1352 1723; x_wconf 87' lang='lat' dir='ltr'><strong>proelia</strong></span> <span class='ocrx_word' id='word_1_77' title='bbox 1373 1640 1553 1723; x_wconf 87' lang='lat' dir='ltr'><strong>temptent&#39;.</strong></span> 
     </span>
     <span class='ocr_line' id='line_1_13' title="bbox 715 1740 1515 1825; baseline 0.001 -20"><span class='ocrx_word' id='word_1_78' title='bbox 715 1741 769 1805; x_wconf 83' lang='lat' dir='ltr'><strong>vix</strong></span> <span class='ocrx_word' id='word_1_79' title='bbox 791 1761 831 1806; x_wconf 88' lang='lat' dir='ltr'><strong>ea</strong></span> <span class='ocrx_word' id='word_1_80' title='bbox 853 1743 996 1825; x_wconf 87' lang='lat' dir='ltr'><strong>legatus:</strong></span> <span class='ocrx_word' id='word_1_81' title='bbox 1024 1741 1131 1807; x_wconf 91' lang='lat' dir='ltr'><strong>media</strong></span> <span class='ocrx_word' id='word_1_82' title='bbox 1153 1740 1235 1807; x_wconf 84' lang='lat' dir='ltr'><strong>inter</strong></span> <span class='ocrx_word' id='word_1_83' title='bbox 1256 1742 1356 1806; x_wconf 85' lang='lat' dir='ltr'><strong>verba</strong></span> <span class='ocrx_word' id='word_1_84' title='bbox 1378 1740 1515 1806; x_wconf 88' lang='lat' dir='ltr'><strong>cucurrit</strong></span> 
     </span>
     <span class='ocr_line' id='line_1_14' title="bbox 630 1843 1635 1929; baseline -0.001 -20"><span class='ocrx_word' id='word_1_85' title='bbox 630 1865 748 1929; x_wconf 81' lang='lat' dir='ltr'><strong>perque</strong></span> <span class='ocrx_word' id='word_1_86' title='bbox 771 1843 869 1908; x_wconf 88' lang='lat' dir='ltr'><strong>duces</strong></span> <span class='ocrx_word' id='word_1_87' title='bbox 891 1843 1013 1908; x_wconf 88' lang='lat' dir='ltr'><strong>varium</strong></span> <span class='ocrx_word' id='word_1_88' title='bbox 1037 1864 1156 1928; x_wconf 85' lang='lat' dir='ltr'><strong>perque</strong></span> <span class='ocrx_word' id='word_1_89' title='bbox 1178 1844 1309 1928; x_wconf 86' lang='lat' dir='ltr'><strong>agmina</strong></span> <span class='ocrx_word' id='word_1_90' title='bbox 1331 1843 1458 1910; x_wconf 86' lang='lat' dir='ltr'><strong>fervida</strong></span> <span class='ocrx_word' id='word_1_91' title='bbox 1479 1865 1635 1928; x_wconf 88' lang='lat' dir='ltr'><strong>murmur,</strong></span> 
     </span>
    </p>

    <p class='ocr_par' dir='ltr' id='par_1_5' title="bbox 487 1946 1566 2962">
     <span class='ocr_line' id='line_1_15' title="bbox 487 1946 1466 2031; baseline 0 -19"><span class='ocrx_word' id='word_1_92' title='bbox 487 1970 491 1982; x_wconf 91' lang='grc'><em>·</em></span> <span class='ocrx_word' id='word_1_93' title='bbox 521 1993 526 2002; x_wconf 82' lang='lat'><em>-</em></span> <span class='ocrx_word' id='word_1_94' title='bbox 629 1946 755 2012; x_wconf 91' lang='lat' dir='ltr'><strong>turbine</strong></span> <span class='ocrx_word' id='word_1_95' title='bbox 777 1966 836 2011; x_wconf 88' lang='lat' dir='ltr'><strong>ocu</strong></span> <span class='ocrx_word' id='word_1_96' title='bbox 859 1946 984 2028; x_wconf 79' lang='lat' dir='ltr'><strong>valido,</strong></span> <span class='ocrx_word' id='word_1_97' title='bbox 1010 1946 1113 2031; x_wconf 90' lang='lat' dir='ltr'><strong>prima</strong></span> <span class='ocrx_word' id='word_1_98' title='bbox 1135 1954 1286 2030; x_wconf 82' lang='lat' dir='ltr'><strong>surgente</strong></span> <span class='ocrx_word' id='word_1_99' title='bbox 1308 1947 1466 2031; x_wconf 87' lang='lat' dir='ltr'><strong>procella,</strong></span> 
     </span>
     <span class='ocr_line' id='line_1_16' title="bbox 630 2049 1490 2136; baseline 0 -21"><span class='ocrx_word' id='word_1_100' title='bbox 630 2070 770 2134; x_wconf 89' lang='lat' dir='ltr'><strong>aequora</strong></span> <span class='ocrx_word' id='word_1_101' title='bbox 791 2050 885 2134; x_wconf 88' lang='lat' dir='ltr'><strong>pulsa</strong></span> <span class='ocrx_word' id='word_1_102' title='bbox 906 2055 1038 2134; x_wconf 86' lang='lat' dir='ltr'><strong>gemunt</strong></span> <span class='ocrx_word' id='word_1_103' title='bbox 1060 2049 1162 2134; x_wconf 89' lang='lat' dir='ltr'><strong>ruptis</strong></span> <span class='ocrx_word' id='word_1_104' title='bbox 1184 2050 1374 2135; x_wconf 88' lang='lat' dir='ltr'><strong>crepitantia</strong></span> <span class='ocrx_word' id='word_1_105' title='bbox 1395 2050 1490 2136; x_wconf 87' lang='lat' dir='ltr'><strong>ripis,</strong></span> 
     </span>
     <span class='ocr_line' id='line_1_17' title="bbox 631 2153 1461 2239; baseline -0.001 -20"><span class='ocrx_word' id='word_1_106' title='bbox 631 2153 833 2236; x_wconf 89' lang='lat' dir='ltr'><strong>congeminat</strong></span> <span class='ocrx_word' id='word_1_107' title='bbox 853 2161 928 2219; x_wconf 91' lang='lat' dir='ltr'><strong>tunc</strong></span> <span class='ocrx_word' id='word_1_108' title='bbox 951 2155 1037 2219; x_wconf 89' lang='lat' dir='ltr'><strong>unda</strong></span> <span class='ocrx_word' id='word_1_109' title='bbox 1059 2173 1171 2235; x_wconf 90' lang='lat' dir='ltr'><strong>sonos,</strong></span> <span class='ocrx_word' id='word_1_110' title='bbox 1197 2161 1229 2219; x_wconf 88' lang='lat' dir='ltr'><strong>et</strong></span> <span class='ocrx_word' id='word_1_111' title='bbox 1252 2154 1346 2219; x_wconf 92' lang='lat' dir='ltr'><strong>litora</strong></span> <span class='ocrx_word' id='word_1_112' title='bbox 1367 2154 1461 2239; x_wconf 82' lang='lat' dir='ltr'><strong>lapsu</strong></span> 
     </span>
     <span class='ocr_line' id='line_1_18' title="bbox 631 2256 1566 2342; baseline 0 -19"><span class='ocrx_word' id='word_1_113' title='bbox 631 2264 744 2323; x_wconf 86' lang='lat' dir='ltr'><strong>cuncta</strong></span> <span class='ocrx_word' id='word_1_114' title='bbox 766 2256 921 2337; x_wconf 78' lang='lat' dir='ltr'><strong>tremunt,</strong></span> <span class='ocrx_word' id='word_1_115' title='bbox 948 2257 1120 2339; x_wconf 91' lang='lat' dir='ltr'><strong>crebroque</strong></span> <span class='ocrx_word' id='word_1_116' title='bbox 1144 2257 1298 2323; x_wconf 88' lang='lat' dir='ltr'><strong>resultant</strong></span> <span class='ocrx_word' id='word_1_117' title='bbox 1320 2277 1436 2342; x_wconf 90' lang='lat' dir='ltr'><strong>aspera</strong></span> <span class='ocrx_word' id='word_1_118' title='bbox 1458 2256 1566 2323; x_wconf 86' lang='lat' dir='ltr'><strong>fluctu.</strong></span> 
     </span>
     <span class='ocr_line' id='line_1_19' title="bbox 629 2360 1350 2444; baseline 0 -19"><span class='ocrx_word' id='word_1_119' title='bbox 629 2361 766 2444; x_wconf 88' lang='lat' dir='ltr'><strong>imperat</strong></span> <span class='ocrx_word' id='word_1_120' title='bbox 787 2368 894 2426; x_wconf 87' lang='lat' dir='ltr'><strong>erecta</strong></span> <span class='ocrx_word' id='word_1_121' title='bbox 915 2368 1062 2442; x_wconf 89' lang='lat' dir='ltr'><strong>motaque</strong></span> <span class='ocrx_word' id='word_1_122' title='bbox 1086 2360 1214 2426; x_wconf 90' lang='lat' dir='ltr'><strong>silentia</strong></span> <span class='ocrx_word' id='word_1_123' title='bbox 1236 2360 1350 2426; x_wconf 82' lang='lat' dir='ltr'><strong>dextra</strong></span> 
     </span>
     <span class='ocr_line' id='line_1_20' title="bbox 631 2462 1487 2546; baseline -0.001 -18"><span class='ocrx_word' id='word_1_124' title='bbox 631 2462 752 2529; x_wconf 87' lang='lat' dir='ltr'><strong>ductor.</strong></span> <span class='ocrx_word' id='word_1_125' title='bbox 800 2464 980 2529; x_wconf 83' lang='lat' dir='ltr'><strong>conticuere</strong></span> <span class='ocrx_word' id='word_1_126' title='bbox 1002 2463 1074 2546; x_wconf 89' lang='lat' dir='ltr'><strong>citi,</strong></span> <span class='ocrx_word' id='word_1_127' title='bbox 1100 2463 1277 2545; x_wconf 87' lang='lat' dir='ltr'><strong>intentique</strong></span> <span class='ocrx_word' id='word_1_128' title='bbox 1301 2462 1487 2545; x_wconf 83' lang='lat' dir='ltr'><strong>magistrum</strong></span> 
     </span>
     <span class='ocr_line' id='line_1_21' title="bbox 631 2566 1436 2652; baseline -0.001 -20"><span class='ocrx_word' id='word_1_129' title='bbox 631 2588 805 2652; x_wconf 87' lang='lat' dir='ltr'><strong>suspexere</strong></span> <span class='ocrx_word' id='word_1_130' title='bbox 828 2567 899 2632; x_wconf 82' lang='lat' dir='ltr'><strong>viri.</strong></span> <span class='ocrx_word' id='word_1_131' title='bbox 946 2566 1045 2631; x_wconf 84' lang='lat' dir='ltr'><strong>iacies</strong></span> <span class='ocrx_word' id='word_1_132' title='bbox 1067 2575 1141 2632; x_wconf 90' lang='lat' dir='ltr'><strong>tunc</strong></span> <span class='ocrx_word' id='word_1_133' title='bbox 1164 2566 1268 2631; x_wconf 93' lang='lat' dir='ltr'><strong>omnis</strong></span> <span class='ocrx_word' id='word_1_134' title='bbox 1289 2567 1323 2631; x_wconf 96' lang='lat' dir='ltr'><strong>in</strong></span> <span class='ocrx_word' id='word_1_135' title='bbox 1345 2566 1436 2631; x_wconf 92' lang='lat' dir='ltr'><strong>illum</strong></span> 
     </span>
     <span class='ocr_line' id='line_1_22' title="bbox 630 2668 1523 2754; baseline -0.001 -19"><span class='ocrx_word' id='word_1_136' title='bbox 630 2691 783 2753; x_wconf 90' lang='lat' dir='ltr'><strong>urensque</strong></span> <span class='ocrx_word' id='word_1_137' title='bbox 806 2670 878 2736; x_wconf 87' lang='lat' dir='ltr'><strong>coit.</strong></span> <span class='ocrx_word' id='word_1_138' title='bbox 926 2670 1097 2754; x_wconf 85' lang='lat' dir='ltr'><strong>cupidique</strong></span> <span class='ocrx_word' id='word_1_139' title='bbox 1120 2670 1230 2736; x_wconf 87' lang='lat' dir='ltr'><strong>volunt</strong></span> <span class='ocrx_word' id='word_1_140' title='bbox 1251 2668 1363 2735; x_wconf 87' lang='lat' dir='ltr'><strong>audire</strong></span> <span class='ocrx_word' id='word_1_141' title='bbox 1385 2668 1523 2734; x_wconf 89' lang='lat' dir='ltr'><strong>iubentis</strong></span> 
     </span>
     <span class='ocr_line' id='line_1_23' title="bbox 629 2772 1502 2858; baseline -0.003 -18"><span class='ocrx_word' id='word_1_142' title='bbox 629 2773 808 2840; x_wconf 91' lang='lat' dir='ltr'><strong>eonsilium.</strong></span> <span class='ocrx_word' id='word_1_143' title='bbox 855 2781 1019 2858; x_wconf 89' lang='lat' dir='ltr'><strong>apponunt</strong></span> <span class='ocrx_word' id='word_1_144' title='bbox 1040 2793 1154 2838; x_wconf 87' lang='lat' dir='ltr'><strong>sensus</strong></span> <span class='ocrx_word' id='word_1_145' title='bbox 1176 2792 1333 2855; x_wconf 87' lang='lat' dir='ltr'><strong>auresque</strong></span> <span class='ocrx_word' id='word_1_146' title='bbox 1355 2772 1502 2855; x_wconf 90' lang='lat' dir='ltr'><strong>loquelis.</strong></span> 
     </span>
     <span class='ocr_line' id='line_1_24' title="bbox 630 2876 1409 2962; baseline -0.001 -21"><span class='ocrx_word' id='word_1_147' title='bbox 630 2877 771 2943; x_wconf 85' lang='lat' dir='ltr'><strong>hortatur</strong></span> <span class='ocrx_word' id='word_1_148' title='bbox 792 2876 922 2962; x_wconf 89' lang='lat' dir='ltr'><strong>placida</strong></span> <span class='ocrx_word' id='word_1_149' title='bbox 943 2883 1046 2941; x_wconf 86' lang='lat' dir='ltr'><strong>rector</strong></span> <span class='ocrx_word' id='word_1_150' title='bbox 1067 2882 1142 2941; x_wconf 87' lang='lat' dir='ltr'><strong>tunc</strong></span> <span class='ocrx_word' id='word_1_151' title='bbox 1165 2896 1242 2941; x_wconf 85' lang='lat' dir='ltr'><strong>voce</strong></span> <span class='ocrx_word' id='word_1_152' title='bbox 1265 2877 1409 2942; x_wconf 79' lang='lat' dir='ltr'><strong>cohortes</strong></span> 
     </span>
    </p>

    <p class='ocr_par' dir='ltr' id='par_1_6' title="bbox 521 2979 1629 5025">
     <span class='ocr_line' id='line_1_25' title="bbox 521 2979 1498 3063; baseline -0.002 -16"><span class='ocrx_word' id='word_1_153' title='bbox 521 3004 534 3039; x_wconf 69' lang='grc' dir='ltr'><strong>τ»</strong></span> <span class='ocrx_word' id='word_1_154' title='bbox 629 2981 798 3063; x_wconf 85' lang='lat' dir='ltr'><strong>attonitas,</strong></span> <span class='ocrx_word' id='word_1_155' title='bbox 824 2979 1000 3062; x_wconf 85' lang='lat' dir='ltr'><strong>avidusque</strong></span> <span class='ocrx_word' id='word_1_156' title='bbox 1023 2998 1154 3044; x_wconf 88' lang='lat' dir='ltr'><strong>movens</strong></span> <span class='ocrx_word' id='word_1_157' title='bbox 1176 2979 1209 3044; x_wconf 95' lang='lat' dir='ltr'><strong>in</strong></span> <span class='ocrx_word' id='word_1_158' title='bbox 1232 2979 1354 3063; x_wconf 89' lang='lat' dir='ltr'><strong>proelia</strong></span> <span class='ocrx_word' id='word_1_159' title='bbox 1375 2985 1498 3045; x_wconf 87' lang='lat' dir='ltr'><strong>mentes</strong></span> 
     </span>
     <span class='ocr_line' id='line_1_26' title="bbox 628 3081 1404 3150; baseline -0.006 0"><span class='ocrx_word' id='word_1_160' title='bbox 628 3084 749 3150; x_wconf 88' lang='lat' dir='ltr'><strong>talibus</strong></span> <span class='ocrx_word' id='word_1_161' title='bbox 770 3083 912 3150; x_wconf 89' lang='lat' dir='ltr'><strong>incendit</strong></span> <span class='ocrx_word' id='word_1_162' title='bbox 932 3081 1028 3148; x_wconf 90' lang='lat' dir='ltr'><strong>dictis</strong></span> <span class='ocrx_word' id='word_1_163' title='bbox 1050 3088 1082 3148; x_wconf 90' lang='lat' dir='ltr'><strong>et</strong></span> <span class='ocrx_word' id='word_1_164' title='bbox 1105 3081 1209 3147; x_wconf 85' lang='lat' dir='ltr'><strong>fimrut</strong></span> <span class='ocrx_word' id='word_1_165' title='bbox 1231 3082 1264 3147; x_wconf 94' lang='lat' dir='ltr'><strong>in</strong></span> <span class='ocrx_word' id='word_1_166' title='bbox 1286 3082 1404 3148; x_wconf 88' lang='lat' dir='ltr'><strong>hostes.</strong></span> 
     </span>
     <span class='ocr_line' id='line_1_27' title="bbox 634 3184 1397 3269; baseline -0.003 -17"><span class='ocrx_word' id='word_1_167' title='bbox 634 3187 819 3265; x_wconf 85' lang='lat' dir='ltr'><strong>‘Romanis,</strong></span> <span class='ocrx_word' id='word_1_168' title='bbox 846 3185 942 3268; x_wconf 90' lang='lat' dir='ltr'><strong>socii,</strong></span> <span class='ocrx_word' id='word_1_169' title='bbox 966 3184 1066 3250; x_wconf 83' lang='lat' dir='ltr'><strong>creuit</strong></span> <span class='ocrx_word' id='word_1_170' title='bbox 1088 3185 1135 3251; x_wconf 91' lang='lat' dir='ltr'><strong>sic</strong></span> <span class='ocrx_word' id='word_1_171' title='bbox 1156 3185 1259 3269; x_wconf 89' lang='lat' dir='ltr'><strong>gloria</strong></span> <span class='ocrx_word' id='word_1_172' title='bbox 1285 3185 1397 3267; x_wconf 87' lang='lat' dir='ltr'><strong>rebus,</strong></span> 
     </span>
     <span class='ocr_line' id='line_1_28' title="bbox 629 3287 1499 3374; baseline -0.003 -18"><span class='ocrx_word' id='word_1_173' title='bbox 629 3311 743 3374; x_wconf 85' lang='lat' dir='ltr'><strong>resque</strong></span> <span class='ocrx_word' id='word_1_174' title='bbox 766 3309 862 3374; x_wconf 91' lang='lat' dir='ltr'><strong>super</strong></span> <span class='ocrx_word' id='word_1_175' title='bbox 882 3296 981 3355; x_wconf 89' lang='lat' dir='ltr'><strong>totum</strong></span> <span class='ocrx_word' id='word_1_176' title='bbox 1004 3288 1152 3372; x_wconf 85' lang='lat' dir='ltr'><strong>regnavit</strong></span> <span class='ocrx_word' id='word_1_177' title='bbox 1173 3289 1302 3373; x_wconf 87' lang='lat' dir='ltr'><strong>publiea</strong></span> <span class='ocrx_word' id='word_1_178' title='bbox 1327 3287 1499 3372; x_wconf 91' lang='lat' dir='ltr'><strong>mundum,</strong></span> 
     </span>
     <span class='ocr_line' id='line_1_29' title="bbox 630 3391 1592 3476; baseline -0.001 -17"><span class='ocrx_word' id='word_1_179' title='bbox 630 3395 705 3459; x_wconf 87' lang='lat' dir='ltr'><strong>dum</strong></span> <span class='ocrx_word' id='word_1_180' title='bbox 728 3399 857 3476; x_wconf 82' lang='lat' dir='ltr'><strong>gentes,</strong></span> <span class='ocrx_word' id='word_1_181' title='bbox 883 3391 959 3458; x_wconf 91' lang='lat' dir='ltr'><strong>dum</strong></span> <span class='ocrx_word' id='word_1_182' title='bbox 981 3393 1069 3458; x_wconf 88' lang='lat' dir='ltr'><strong>bella</strong></span> <span class='ocrx_word' id='word_1_183' title='bbox 1091 3392 1208 3458; x_wconf 89' lang='lat' dir='ltr'><strong>domat.</strong></span> <span class='ocrx_word' id='word_1_184' title='bbox 1255 3412 1318 3457; x_wconf 94' lang='lat' dir='ltr'><strong>non</strong></span> <span class='ocrx_word' id='word_1_185' title='bbox 1340 3412 1431 3456; x_wconf 86' lang='lat' dir='ltr'><strong>arma</strong></span> <span class='ocrx_word' id='word_1_186' title='bbox 1452 3391 1592 3458; x_wconf 78' lang='lat' dir='ltr'><strong>terentes</strong></span> 
     </span>
     <span class='ocr_line' id='line_1_30' title="bbox 630 3494 1459 3580; baseline 0 -19"><span class='ocrx_word' id='word_1_187' title='bbox 630 3499 793 3562; x_wconf 84' lang='lat' dir='ltr'><strong>Romanus</strong></span> <span class='ocrx_word' id='word_1_188' title='bbox 815 3495 920 3561; x_wconf 90' lang='lat' dir='ltr'><strong>timuit</strong></span> <span class='ocrx_word' id='word_1_189' title='bbox 941 3496 1092 3580; x_wconf 86' lang='lat' dir='ltr'><strong>populos,</strong></span> <span class='ocrx_word' id='word_1_190' title='bbox 1119 3502 1176 3561; x_wconf 89' lang='lat' dir='ltr'><strong>aut</strong></span> <span class='ocrx_word' id='word_1_191' title='bbox 1196 3494 1327 3579; x_wconf 85' lang='lat' dir='ltr'><strong>agmina</strong></span> <span class='ocrx_word' id='word_1_192' title='bbox 1349 3495 1459 3576; x_wconf 90' lang='lat' dir='ltr'><strong>miles,</strong></span> 
     </span>
     <span class='ocr_line' id='line_1_31' title="bbox 629 3598 1560 3682; baseline -0.002 -17"><span class='ocrx_word' id='word_1_193' title='bbox 629 3608 749 3682; x_wconf 81' lang='lat' dir='ltr'><strong>quanta</strong></span> <span class='ocrx_word' id='word_1_194' title='bbox 771 3598 889 3681; x_wconf 88' lang='lat' dir='ltr'><strong>forent,</strong></span> <span class='ocrx_word' id='word_1_195' title='bbox 916 3605 1061 3665; x_wconf 89' lang='lat' dir='ltr'><strong>metuens</strong></span> <span class='ocrx_word' id='word_1_196' title='bbox 1083 3598 1237 3665; x_wconf 90' lang='lat' dir='ltr'><strong>convertit</strong></span> <span class='ocrx_word' id='word_1_197' title='bbox 1258 3605 1350 3682; x_wconf 86' lang='lat' dir='ltr'><strong>terga</strong></span> <span class='ocrx_word' id='word_1_198' title='bbox 1372 3605 1560 3681; x_wconf 87' lang='lat' dir='ltr'><strong>retrorsum,</strong></span> 
     </span>
     <span class='ocr_line' id='line_1_32' title="bbox 630 3701 1371 3788; baseline -0.001 -21"><span class='ocrx_word' id='word_1_199' title='bbox 630 3703 713 3768; x_wconf 82' lang='lat' dir='ltr'><strong>fidus</strong></span> <span class='ocrx_word' id='word_1_200' title='bbox 734 3703 853 3788; x_wconf 91' lang='lat' dir='ltr'><strong>quippe</strong></span> <span class='ocrx_word' id='word_1_201' title='bbox 876 3702 943 3767; x_wconf 88' lang='lat' dir='ltr'><strong>suis</strong></span> <span class='ocrx_word' id='word_1_202' title='bbox 965 3709 997 3768; x_wconf 87' lang='lat' dir='ltr'><strong>et</strong></span> <span class='ocrx_word' id='word_1_203' title='bbox 1019 3702 1118 3769; x_wconf 90' lang='lat' dir='ltr'><strong>multo</strong></span> <span class='ocrx_word' id='word_1_204' title='bbox 1140 3701 1277 3787; x_wconf 88' lang='lat' dir='ltr'><strong>pervigil</strong></span> <span class='ocrx_word' id='word_1_205' title='bbox 1299 3709 1371 3767; x_wconf 90' lang='lat' dir='ltr'><strong>astu</strong></span> 
     </span>
     <span class='ocr_line' id='line_1_33' title="bbox 629 3804 1385 3891; baseline -0.007 -19"><span class='ocrx_word' id='word_1_206' title='bbox 629 3813 662 3872; x_wconf 90' lang='lat' dir='ltr'><strong>ct</strong></span> <span class='ocrx_word' id='word_1_207' title='bbox 683 3806 797 3872; x_wconf 83' lang='lat' dir='ltr'><strong>virtute</strong></span> <span class='ocrx_word' id='word_1_208' title='bbox 820 3813 934 3891; x_wconf 89' lang='lat' dir='ltr'><strong>potens</strong></span> <span class='ocrx_word' id='word_1_209' title='bbox 956 3805 1069 3871; x_wconf 87' lang='lat' dir='ltr'><strong>llartis</strong></span> <span class='ocrx_word' id='word_1_210' title='bbox 1091 3806 1223 3871; x_wconf 86' lang='lat' dir='ltr'><strong>sufferre</strong></span> <span class='ocrx_word' id='word_1_211' title='bbox 1248 3804 1385 3871; x_wconf 90' lang='lat' dir='ltr'><strong>labores.</strong></span> 
     </span>
     <span class='ocr_line' id='line_1_34' title="bbox 631 3907 1495 3995; baseline -0.001 -21"><span class='ocrx_word' id='word_1_212' title='bbox 631 3910 689 3975; x_wconf 90' lang='lat' dir='ltr'><strong>sed</strong></span> <span class='ocrx_word' id='word_1_213' title='bbox 711 3909 856 3994; x_wconf 89' lang='lat' dir='ltr'><strong>quotiens</strong></span> <span class='ocrx_word' id='word_1_214' title='bbox 879 3909 1008 3995; x_wconf 87' lang='lat' dir='ltr'><strong>dirupta</strong></span> <span class='ocrx_word' id='word_1_215' title='bbox 1029 3907 1127 3990; x_wconf 87' lang='lat' dir='ltr'><strong>tides,</strong></span> <span class='ocrx_word' id='word_1_216' title='bbox 1152 3929 1212 3974; x_wconf 90' lang='lat' dir='ltr'><strong>nec</strong></span> <span class='ocrx_word' id='word_1_217' title='bbox 1234 3908 1387 3994; x_wconf 88' lang='lat' dir='ltr'><strong>principis</strong></span> <span class='ocrx_word' id='word_1_218' title='bbox 1408 3909 1495 3973; x_wconf 93' lang='lat' dir='ltr'><strong>ullus</strong></span> 
     </span>
     <span class='ocr_line' id='line_1_35' title="bbox 630 4012 1522 4097; baseline 0.001 -21"><span class='ocrx_word' id='word_1_219' title='bbox 630 4013 707 4079; x_wconf 78' lang='lat' dir='ltr'><strong>uicit</strong></span> <span class='ocrx_word' id='word_1_220' title='bbox 729 4013 828 4078; x_wconf 90' lang='lat' dir='ltr'><strong>lronos</strong></span> <span class='ocrx_word' id='word_1_221' title='bbox 851 4020 974 4079; x_wconf 88' lang='lat' dir='ltr'><strong>mentes</strong></span> <span class='ocrx_word' id='word_1_222' title='bbox 996 4012 1060 4078; x_wconf 88' lang='lat' dir='ltr'><strong>ianr</strong></span> <span class='ocrx_word' id='word_1_223' title='bbox 1084 4031 1157 4078; x_wconf 87' lang='lat' dir='ltr'><strong>sese</strong></span> <span class='ocrx_word' id='word_1_224' title='bbox 1179 4012 1222 4078; x_wconf 90' lang='lat' dir='ltr'><strong>ad</strong></span> <span class='ocrx_word' id='word_1_225' title='bbox 1244 4012 1332 4077; x_wconf 83' lang='lat' dir='ltr'><strong>bellu</strong></span> <span class='ocrx_word' id='word_1_226' title='bbox 1353 4019 1522 4097; x_wconf 89' lang='lat' dir='ltr'><strong>parantes,</strong></span> 
     </span>
     <span class='ocr_line' id='line_1_36' title="bbox 630 4114 1629 4202; baseline 0 -21"><span class='ocrx_word' id='word_1_227' title='bbox 630 4117 705 4182; x_wconf 91' lang='lat' dir='ltr'><strong>dunr</strong></span> <span class='ocrx_word' id='word_1_228' title='bbox 729 4124 855 4202; x_wconf 84' lang='lat' dir='ltr'><strong>raptus,</strong></span> <span class='ocrx_word' id='word_1_229' title='bbox 881 4116 957 4181; x_wconf 93' lang='lat' dir='ltr'><strong>dum</strong></span> <span class='ocrx_word' id='word_1_230' title='bbox 980 4115 1102 4201; x_wconf 88' lang='lat' dir='ltr'><strong>praeda</strong></span> <span class='ocrx_word' id='word_1_231' title='bbox 1123 4116 1246 4200; x_wconf 87' lang='lat' dir='ltr'><strong>placet,</strong></span> <span class='ocrx_word' id='word_1_232' title='bbox 1272 4114 1348 4180; x_wconf 89' lang='lat' dir='ltr'><strong>dum</strong></span> <span class='ocrx_word' id='word_1_233' title='bbox 1371 4115 1514 4200; x_wconf 81' lang='lat' dir='ltr'><strong>praemia</strong></span> <span class='ocrx_word' id='word_1_234' title='bbox 1535 4116 1629 4183; x_wconf 91' lang='lat' dir='ltr'><strong>miles</strong></span> 
     </span>
     <span class='ocr_line' id='line_1_37' title="bbox 630 4218 1443 4305; baseline 0 -20"><span class='ocrx_word' id='word_1_235' title='bbox 630 4220 746 4286; x_wconf 86' lang='lat' dir='ltr'><strong>Martia</strong></span> <span class='ocrx_word' id='word_1_236' title='bbox 767 4227 873 4286; x_wconf 87' lang='lat' dir='ltr'><strong>mente</strong></span> <span class='ocrx_word' id='word_1_237' title='bbox 896 4220 983 4305; x_wconf 91' lang='lat' dir='ltr'><strong>eupit</strong></span> <span class='ocrx_word' id='word_1_238' title='bbox 1004 4219 1122 4285; x_wconf 88' lang='lat' dir='ltr'><strong>nostris</strong></span> <span class='ocrx_word' id='word_1_239' title='bbox 1144 4218 1302 4285; x_wconf 81' lang='lat' dir='ltr'><strong>contraria</strong></span> <span class='ocrx_word' id='word_1_240' title='bbox 1324 4218 1443 4304; x_wconf 85' lang='lat' dir='ltr'><strong>signis,</strong></span> 
     </span>
     <span class='ocr_line' id='line_1_38' title="bbox 629 4322 1505 4409; baseline -0.003 -19"><span class='ocrx_word' id='word_1_241' title='bbox 629 4332 705 4390; x_wconf 89' lang='lat' dir='ltr'><strong>tuno</strong></span> <span class='ocrx_word' id='word_1_242' title='bbox 727 4326 871 4389; x_wconf 86' lang='lat' dir='ltr'><strong>Ronrana</strong></span> <span class='ocrx_word' id='word_1_243' title='bbox 891 4343 1006 4389; x_wconf 87' lang='lat' dir='ltr'><strong>manus</strong></span> <span class='ocrx_word' id='word_1_244' title='bbox 1029 4322 1165 4409; x_wconf 88' lang='lat' dir='ltr'><strong>propriis</strong></span> <span class='ocrx_word' id='word_1_245' title='bbox 1188 4322 1359 4388; x_wconf 83' lang='lat' dir='ltr'><strong>conterrita</strong></span> <span class='ocrx_word' id='word_1_246' title='bbox 1381 4322 1505 4390; x_wconf 81' lang='lat' dir='ltr'><strong>dextris</strong></span> 
     </span>
     <span class='ocr_line' id='line_1_39' title="bbox 629 4425 1435 4512; baseline -0.002 -19"><span class='ocrx_word' id='word_1_247' title='bbox 629 4434 721 4512; x_wconf 84' lang='lat' dir='ltr'><strong>terga</strong></span> <span class='ocrx_word' id='word_1_248' title='bbox 743 4427 833 4493; x_wconf 82' lang='lat' dir='ltr'><strong>dedit</strong></span> <span class='ocrx_word' id='word_1_249' title='bbox 854 4433 1030 4510; x_wconf 86' lang='lat' dir='ltr'><strong>gentesque</strong></span> <span class='ocrx_word' id='word_1_250' title='bbox 1053 4426 1138 4491; x_wconf 78' lang='lat' dir='ltr'><strong>ieras</strong></span> <span class='ocrx_word' id='word_1_251' title='bbox 1160 4425 1279 4491; x_wconf 89' lang='lat' dir='ltr'><strong>vicisse</strong></span> <span class='ocrx_word' id='word_1_252' title='bbox 1301 4427 1435 4511; x_wconf 78' lang='lat' dir='ltr'><strong>putauit.</strong></span> 
     </span>
     <span class='ocr_line' id='line_1_40' title="bbox 630 4529 1453 4615; baseline 0 -20"><span class='ocrx_word' id='word_1_253' title='bbox 630 4552 693 4596; x_wconf 91' lang='lat' dir='ltr'><strong>uon</strong></span> <span class='ocrx_word' id='word_1_254' title='bbox 715 4538 823 4597; x_wconf 87' lang='lat' dir='ltr'><strong>tamen</strong></span> <span class='ocrx_word' id='word_1_255' title='bbox 845 4530 896 4596; x_wconf 91' lang='lat' dir='ltr'><strong>lris</strong></span> <span class='ocrx_word' id='word_1_256' title='bbox 919 4531 1030 4615; x_wconf 89' lang='lat' dir='ltr'><strong>longos</strong></span> <span class='ocrx_word' id='word_1_257' title='bbox 1052 4530 1154 4595; x_wconf 91' lang='lat' dir='ltr'><strong>tenuit</strong></span> <span class='ocrx_word' id='word_1_258' title='bbox 1177 4529 1304 4595; x_wconf 86' lang='lat' dir='ltr'><strong>fortuna</strong></span> <span class='ocrx_word' id='word_1_259' title='bbox 1326 4530 1453 4596; x_wconf 90' lang='lat' dir='ltr'><strong>labores</strong></span> 
     </span>
     <span class='ocr_line' id='line_1_41' title="bbox 631 4632 1452 4718; baseline -0.005 -18"><span class='ocrx_word' id='word_1_260' title='bbox 631 4634 792 4718; x_wconf 86' lang='lat' dir='ltr'><strong>perfidiis,</strong></span> <span class='ocrx_word' id='word_1_261' title='bbox 818 4635 875 4701; x_wconf 91' lang='lat' dir='ltr'><strong>sed</strong></span> <span class='ocrx_word' id='word_1_262' title='bbox 899 4636 985 4700; x_wconf 86' lang='lat' dir='ltr'><strong>laeta</strong></span> <span class='ocrx_word' id='word_1_263' title='bbox 1006 4634 1112 4701; x_wconf 77' lang='lat' dir='ltr'><strong>terens</strong></span> <span class='ocrx_word' id='word_1_264' title='bbox 1134 4632 1308 4715; x_wconf 89' lang='lat' dir='ltr'><strong>meliorque</strong></span> <span class='ocrx_word' id='word_1_265' title='bbox 1332 4633 1452 4698; x_wconf 78' lang='lat' dir='ltr'><strong>reuisit.</strong></span> 
     </span>
     <span class='ocr_line' id='line_1_42' title="bbox 631 4737 1408 4821; baseline 0 -20"><span class='ocrx_word' id='word_1_266' title='bbox 631 4737 738 4821; x_wconf 91' lang='lat' dir='ltr'><strong>diligit</strong></span> <span class='ocrx_word' id='word_1_267' title='bbox 759 4738 817 4803; x_wconf 92' lang='lat' dir='ltr'><strong>illa</strong></span> <span class='ocrx_word' id='word_1_268' title='bbox 839 4758 929 4802; x_wconf 86' lang='lat' dir='ltr'><strong>suum</strong></span> <span class='ocrx_word' id='word_1_269' title='bbox 953 4738 1087 4803; x_wconf 87' lang='lat' dir='ltr'><strong>fatorum</strong></span> <span class='ocrx_word' id='word_1_270' title='bbox 1110 4757 1241 4802; x_wconf 91' lang='lat' dir='ltr'><strong>munere</strong></span> <span class='ocrx_word' id='word_1_271' title='bbox 1263 4738 1408 4802; x_wconf 80' lang='lat' dir='ltr'><strong>llonram.</strong></span> 
     </span>
     <span class='ocr_line' id='line_1_43' title="bbox 631 4838 1483 4926; baseline 0.002 -21"><span class='ocrx_word' id='word_1_272' title='bbox 631 4840 715 4907; x_wconf 90' lang='lat' dir='ltr'><strong>lranc</strong></span> <span class='ocrx_word' id='word_1_273' title='bbox 736 4849 863 4926; x_wconf 85' lang='lat' dir='ltr'><strong>propter</strong></span> <span class='ocrx_word' id='word_1_274' title='bbox 885 4842 1001 4906; x_wconf 90' lang='lat' dir='ltr'><strong>multos</strong></span> <span class='ocrx_word' id='word_1_275' title='bbox 1023 4838 1160 4924; x_wconf 87' lang='lat' dir='ltr'><strong>perdens</strong></span> <span class='ocrx_word' id='word_1_276' title='bbox 1182 4841 1310 4905; x_wconf 92' lang='lat' dir='ltr'><strong>omnino</strong></span> <span class='ocrx_word' id='word_1_277' title='bbox 1333 4848 1483 4907; x_wconf 91' lang='lat' dir='ltr'><strong>nocentes</strong></span> 
     </span>
     <span class='ocr_line' id='line_1_44' title="bbox 632 4941 1460 5025; baseline -0.002 -16"><span class='ocrx_word' id='word_1_278' title='bbox 632 4944 794 5018; x_wconf 85' lang='lat' dir='ltr'><strong>contrivit,</strong></span> <span class='ocrx_word' id='word_1_279' title='bbox 821 4944 977 5025; x_wconf 89' lang='lat' dir='ltr'><strong>rebusque</strong></span> <span class='ocrx_word' id='word_1_280' title='bbox 1001 4941 1091 5007; x_wconf 88' lang='lat' dir='ltr'><strong>dedit</strong></span> <span class='ocrx_word' id='word_1_281' title='bbox 1112 4963 1171 5007; x_wconf 91' lang='lat' dir='ltr'><strong>sua</strong></span> <span class='ocrx_word' id='word_1_282' title='bbox 1191 4942 1312 5025; x_wconf 89' lang='lat' dir='ltr'><strong>gaudia</strong></span> <span class='ocrx_word' id='word_1_283' title='bbox 1333 4944 1460 5009; x_wconf 89' lang='lat' dir='ltr'><strong>uostris.</strong></span> 
     </span>
    </p>

    <p class='ocr_par' dir='ltr' id='par_1_7' title="bbox 486 5045 1375 5132">
     <span class='ocr_line' id='line_1_45' title="bbox 486 5045 1375 5132; baseline -0.001 -20"><span class='ocrx_word' id='word_1_284' title='bbox 486 5068 534 5107; x_wconf 74' lang='lat' dir='ltr'><strong>rm</strong></span> <span class='ocrx_word' id='word_1_285' title='bbox 632 5047 750 5132; x_wconf 86' lang='lat' dir='ltr'><strong>profuit</strong></span> <span class='ocrx_word' id='word_1_286' title='bbox 769 5047 882 5111; x_wconf 89' lang='lat' dir='ltr'><strong>insano</strong></span> <span class='ocrx_word' id='word_1_287' title='bbox 904 5065 1020 5111; x_wconf 88' lang='lat' dir='ltr'><strong>nomen</strong></span> <span class='ocrx_word' id='word_1_288' title='bbox 1041 5045 1119 5129; x_wconf 91' lang='lat' dir='ltr'><strong>quid</strong></span> <span class='ocrx_word' id='word_1_289' title='bbox 1141 5045 1223 5110; x_wconf 88' lang='lat' dir='ltr'><strong>ferre</strong></span> <span class='ocrx_word' id='word_1_290' title='bbox 1245 5045 1375 5130; x_wconf 77' lang='lat' dir='ltr'><strong>tyranni</strong></span> 
     </span>
    </p>
   </div>
   <div class='ocr_carea' id='block_1_3' title="bbox 381 5216 654 5223">
    <p class='ocr_par' dir='ltr' id='par_1_8' title="bbox 381 5216 654 5223">
     <span class='ocr_line' id='line_1_46' title="bbox 381 5216 654 5223; baseline 0 -2"><span class='ocrx_word' id='word_1_291' title='bbox 381 5216 654 5223; x_wconf 75' lang='lat'>——-———---.—</span> 
     </span>
    </p>
   </div>
   <div class='ocr_carea' id='block_1_4' title="bbox 246 5306 1867 5805">
    <p class='ocr_par' dir='ltr' id='par_1_9' title="bbox 246 5306 1867 5805">
     <span class='ocr_line' id='line_1_47' title="bbox 315 5306 1865 5369; baseline 0.005 -15"><span class='ocrx_word' id='word_1_292' title='bbox 315 5308 364 5357; x_wconf 79' lang='grc'><strong>384</strong></span> <span class='ocrx_word' id='word_1_293' title='bbox 382 5323 473 5367; x_wconf 77' lang='lat' dir='ltr'><strong>sgnum</strong></span> <span class='ocrx_word' id='word_1_294' title='bbox 496 5308 516 5355; x_wconf 99' lang='grc' dir='ltr'><strong><em>Τ</em></strong></span> <span class='ocrx_word' id='word_1_295' title='bbox 629 5307 678 5357; x_wconf 74' lang='lat' dir='ltr'><strong>:rut</strong></span> <span class='ocrx_word' id='word_1_296' title='bbox 698 5308 796 5355; x_wconf 75' lang='lat' dir='ltr'><strong>mittem</strong></span> <span class='ocrx_word' id='word_1_297' title='bbox 820 5307 840 5353; x_wconf 91' lang='grc' dir='ltr'><strong><em>Τ</em></strong></span> <span class='ocrx_word' id='word_1_298' title='bbox 952 5306 1001 5356; x_wconf 83' lang='grc'><strong>388</strong></span> <span class='ocrx_word' id='word_1_299' title='bbox 1019 5307 1113 5369; x_wconf 78' lang='lat' dir='ltr'><strong>liquida</strong></span> <span class='ocrx_word' id='word_1_300' title='bbox 1132 5307 1209 5356; x_wconf 71' lang='lat' dir='ltr'><strong>Moza.</strong></span> <span class='ocrx_word' id='word_1_301' title='bbox 1316 5308 1402 5356; x_wconf 70' lang='lat' dir='ltr'><strong>rethre</strong></span> <span class='ocrx_word' id='word_1_302' title='bbox 1421 5307 1498 5357; x_wconf 70' lang='lat' dir='ltr'><strong>Musa.</strong></span> <span class='ocrx_word' id='word_1_303' title='bbox 1606 5309 1654 5359; x_wconf 71' lang='lat' dir='ltr'><strong>:ult</strong></span> <span class='ocrx_word' id='word_1_304' title='bbox 1674 5324 1762 5360; x_wconf 85' lang='lat' dir='ltr'><strong>sonum</strong></span> <span class='ocrx_word' id='word_1_305' title='bbox 1782 5315 1809 5359; x_wconf 81' lang='lat' dir='ltr'><strong>r&#39;n</strong></span> <span class='ocrx_word' id='word_1_306' title='bbox 1826 5327 1865 5362; x_wconf 79' lang='lat' dir='ltr'><strong>so-</strong></span> 
     </span>
     <span class='ocr_line' id='line_1_48' title="bbox 247 5391 1831 5460; baseline 0.003 -18"><span class='ocrx_word' id='word_1_307' title='bbox 247 5398 286 5443; x_wconf 81' lang='lat' dir='ltr'><strong>uis</strong></span> <span class='ocrx_word' id='word_1_308' title='bbox 308 5400 318 5442; x_wconf 89' lang='lat' dir='ltr'><strong>l</strong></span> <span class='ocrx_word' id='word_1_309' title='bbox 339 5411 372 5444; x_wconf 86' lang='lat' dir='ltr'><strong>m.</strong></span> <span class='ocrx_word' id='word_1_310' title='bbox 392 5396 557 5443; x_wconf 76' lang='lat' dir='ltr'><strong>mutrrtumT</strong></span> <span class='ocrx_word' id='word_1_311' title='bbox 660 5394 731 5456; x_wconf 74' lang='lat' dir='ltr'><strong>lapsu</strong></span> <span class='ocrx_word' id='word_1_312' title='bbox 752 5393 841 5453; x_wconf 47' lang='lat' dir='ltr'><strong>uuaz,</strong></span> <span class='ocrx_word' id='word_1_313' title='bbox 862 5393 963 5441; x_wconf 65' lang='lat' dir='ltr'><strong>1⁸qu</strong></span> <span class='ocrx_word' id='word_1_314' title='bbox 1079 5391 1128 5442; x_wconf 89' lang='grc'><strong>398</strong></span> <span class='ocrx_word' id='word_1_315' title='bbox 1147 5394 1287 5442; x_wconf 77' lang='lat' dir='ltr'><strong>temuntT</strong></span> <span class='ocrx_word' id='word_1_316' title='bbox 1391 5394 1526 5443; x_wconf 71' lang='lat' dir='ltr'><strong>resultet*</strong></span> <span class='ocrx_word' id='word_1_317' title='bbox 1637 5394 1687 5444; x_wconf 82' lang='grc'><strong>899</strong></span> <span class='ocrx_word' id='word_1_318' title='bbox 1705 5399 1831 5460; x_wconf 70' lang='lat' dir='ltr'><strong>crepui*</strong></span> 
     </span>
     <span class='ocr_line' id='line_1_49' title="bbox 248 5478 1867 5544; baseline 0.003 -16"><span class='ocrx_word' id='word_1_319' title='bbox 248 5488 362 5542; x_wconf 73' lang='lat' dir='ltr'><strong>motuque</strong></span> <span class='ocrx_word' id='word_1_320' title='bbox 382 5481 523 5542; x_wconf 44' lang='lat' dir='ltr'><strong>rumenam,</strong></span> <span class='ocrx_word' id='word_1_321' title='bbox 549 5486 670 5544; x_wconf 82' lang='lat' dir='ltr'><strong>mutaque</strong></span> <span class='ocrx_word' id='word_1_322' title='bbox 692 5482 713 5528; x_wconf 89' lang='grc' dir='ltr'><strong><em>Τ</em></strong></span> <span class='ocrx_word' id='word_1_323' title='bbox 848 5478 898 5527; x_wconf 85' lang='grc'><strong>495</strong></span> <span class='ocrx_word' id='word_1_324' title='bbox 916 5484 1001 5525; x_wconf 89' lang='lat' dir='ltr'><strong>mouet</strong></span> <span class='ocrx_word' id='word_1_325' title='bbox 1021 5478 1042 5524; x_wconf 92' lang='grc' dir='ltr'><strong><em>Τ</em></strong></span> <span class='ocrx_word' id='word_1_326' title='bbox 1178 5478 1228 5529; x_wconf 88' lang='grc'><strong>408</strong></span> <span class='ocrx_word' id='word_1_327' title='bbox 1247 5495 1323 5543; x_wconf 80' lang='lat' dir='ltr'><strong>super</strong></span> <span class='ocrx_word' id='word_1_328' title='bbox 1340 5483 1434 5544; x_wconf 75' lang='lat' dir='ltr'><strong>scripsi,</strong></span> <span class='ocrx_word' id='word_1_329' title='bbox 1459 5495 1556 5543; x_wconf 81' lang='lat' dir='ltr'><strong>semper</strong></span> <span class='ocrx_word' id='word_1_330' title='bbox 1578 5482 1604 5543; x_wconf 88' lang='grc' dir='ltr'><strong>Τ,</strong></span> <span class='ocrx_word' id='word_1_331' title='bbox 1625 5483 1700 5532; x_wconf 79' lang='lat' dir='ltr'><strong>simul</strong></span> <span class='ocrx_word' id='word_1_332' title='bbox 1718 5482 1809 5541; x_wconf 69' lang='lat' dir='ltr'><strong>Muza..</strong></span> <span class='ocrx_word' id='word_1_333' title='bbox 1830 5487 1867 5533; x_wconf 72' lang='lat' dir='ltr'><strong>lte</strong></span> 
     </span>
     <span class='ocr_line' id='line_1_50' title="bbox 246 5562 1865 5629; baseline 0.003 -14"><span class='ocrx_word' id='word_1_334' title='bbox 246 5581 289 5628; x_wconf 84' lang='lat' dir='ltr'><strong>per</strong></span> <span class='ocrx_word' id='word_1_335' title='bbox 308 5568 394 5629; x_wconf 79' lang='lat' dir='ltr'><strong>Haupt</strong></span> <span class='ocrx_word' id='word_1_336' title='bbox 415 5567 504 5628; x_wconf 72' lang='lat' dir='ltr'><strong>Opuce.</strong></span> <span class='ocrx_word' id='word_1_337' title='bbox 525 5568 646 5629; x_wconf 76' lang='lat'><strong>111615,</strong></span> <span class='ocrx_word' id='word_1_338' title='bbox 665 5582 701 5616; x_wconf 79' lang='lat' dir='ltr'><strong>un</strong></span> <span class='ocrx_word' id='word_1_339' title='bbox 717 5580 792 5629; x_wconf 89' lang='lat' dir='ltr'><strong>super</strong></span> <span class='ocrx_word' id='word_1_340' title='bbox 809 5565 858 5613; x_wconf 76' lang='lat' dir='ltr'><strong>diri</strong></span> <span class='ocrx_word' id='word_1_341' title='bbox 874 5578 926 5614; x_wconf 79' lang='lat' dir='ltr'><strong>uon</strong></span> <span class='ocrx_word' id='word_1_342' title='bbox 940 5566 1017 5626; x_wconf 80' lang='lat' dir='ltr'><strong>possit</strong></span> <span class='ocrx_word' id='word_1_343' title='bbox 1035 5562 1159 5627; x_wconf 79' lang='lat' dir='ltr'><strong>dubitans,</strong></span> <span class='ocrx_word' id='word_1_344' title='bbox 1180 5564 1222 5615; x_wconf 68' lang='lat' dir='ltr'><strong>aad</strong></span> <span class='ocrx_word' id='word_1_345' title='bbox 1239 5565 1275 5626; x_wconf 76' lang='lat' dir='ltr'><strong>ef.</strong></span> <span class='ocrx_word' id='word_1_346' title='bbox 1295 5569 1323 5617; x_wconf 82' lang='lat' dir='ltr'><strong>in</strong></span> <span class='ocrx_word' id='word_1_347' title='bbox 1341 5566 1410 5618; x_wconf 78' lang='lat' dir='ltr'><strong>leod.</strong></span> <span class='ocrx_word' id='word_1_348' title='bbox 1431 5569 1494 5617; x_wconf 81' lang='lat' dir='ltr'><strong>lust.</strong></span> <span class='ocrx_word' id='word_1_349' title='bbox 1516 5568 1546 5614; x_wconf 87' lang='lat'><strong>11</strong></span> <span class='ocrx_word' id='word_1_350' title='bbox 1565 5569 1613 5616; x_wconf 73' lang='lat'><strong>178</strong></span> <span class='ocrx_word' id='word_1_351' title='bbox 1750 5569 1802 5618; x_wconf 79' lang='lat' dir='ltr'><strong>roo</strong></span> <span class='ocrx_word' id='word_1_352' title='bbox 1820 5570 1865 5620; x_wconf 84' lang='lat' dir='ltr'><strong>do·</strong></span> 
     </span>
     <span class='ocr_line' id='line_1_51' title="bbox 247 5650 1865 5718; baseline 0.003 -18"><span class='ocrx_word' id='word_1_353' title='bbox 247 5653 356 5702; x_wconf 76' lang='lat' dir='ltr'><strong>ruantT</strong></span> <span class='ocrx_word' id='word_1_354' title='bbox 459 5653 510 5703; x_wconf 84' lang='grc'><strong>418</strong></span> <span class='ocrx_word' id='word_1_355' title='bbox 529 5653 639 5702; x_wconf 76' lang='lat' dir='ltr'><strong>romsT</strong></span> <span class='ocrx_word' id='word_1_356' title='bbox 739 5652 789 5701; x_wconf 88' lang='grc'><strong>419</strong></span> <span class='ocrx_word' id='word_1_357' title='bbox 808 5666 857 5715; x_wconf 87' lang='lat' dir='ltr'><strong>que</strong></span> <span class='ocrx_word' id='word_1_358' title='bbox 875 5650 933 5701; x_wconf 82' lang='lat' dir='ltr'><strong>add.</strong></span> <span class='ocrx_word' id='word_1_359' title='bbox 950 5651 1028 5703; x_wconf 74' lang='lat' dir='ltr'><strong>Muza.</strong></span> <span class='ocrx_word' id='word_1_360' title='bbox 1142 5650 1191 5700; x_wconf 84' lang='grc'><strong>429</strong></span> <span class='ocrx_word' id='word_1_361' title='bbox 1209 5653 1307 5702; x_wconf 69' lang='lat' dir='ltr'><strong>tubures</strong></span> <span class='ocrx_word' id='word_1_362' title='bbox 1327 5654 1353 5714; x_wconf 86' lang='grc' dir='ltr'><strong>Τ,</strong></span> <span class='ocrx_word' id='word_1_363' title='bbox 1374 5655 1472 5702; x_wconf 74' lang='lat' dir='ltr'><strong>tonores</strong></span> <span class='ocrx_word' id='word_1_364' title='bbox 1490 5654 1577 5702; x_wconf 79' lang='lat' dir='ltr'><strong>mutim</strong></span> <span class='ocrx_word' id='word_1_365' title='bbox 1685 5653 1733 5703; x_wconf 86' lang='grc'><strong>424</strong></span> <span class='ocrx_word' id='word_1_366' title='bbox 1754 5657 1865 5718; x_wconf 77' lang='lat' dir='ltr'><strong>perfidiis</strong></span> 
     </span>
     <span class='ocr_line' id='line_1_52' title="bbox 247 5736 1864 5805; baseline 0.001 -17"><span class='ocrx_word' id='word_1_367' title='bbox 247 5741 289 5789; x_wconf 83' lang='lat' dir='ltr'><strong>sed</strong></span> <span class='ocrx_word' id='word_1_368' title='bbox 303 5740 388 5802; x_wconf 69' lang='lat' dir='ltr'><strong>Belle,</strong></span> <span class='ocrx_word' id='word_1_369' title='bbox 402 5740 511 5805; x_wconf 79' lang='lat' dir='ltr'><strong>perfidus</strong></span> <span class='ocrx_word' id='word_1_370' title='bbox 523 5740 567 5788; x_wconf 86' lang='lat' dir='ltr'><strong>scd</strong></span> <span class='ocrx_word' id='word_1_371' title='bbox 584 5739 613 5799; x_wconf 84' lang='grc' dir='ltr'><strong>Τ,</strong></span> <span class='ocrx_word' id='word_1_372' title='bbox 627 5739 720 5803; x_wconf 74' lang='lat' dir='ltr'><strong>perfidu</strong></span> <span class='ocrx_word' id='word_1_373' title='bbox 732 5739 776 5789; x_wconf 84' lang='lat' dir='ltr'><strong>sed</strong></span> <span class='ocrx_word' id='word_1_374' title='bbox 789 5752 816 5789; x_wconf 83' lang='lat' dir='ltr'><strong>se</strong></span> <span class='ocrx_word' id='word_1_375' title='bbox 830 5737 908 5789; x_wconf 71' lang='lat' dir='ltr'><strong>uass.</strong></span> <span class='ocrx_word' id='word_1_376' title='bbox 1001 5739 1102 5787; x_wconf 71' lang='lat' dir='ltr'><strong>reumstt</strong></span> <span class='ocrx_word' id='word_1_377' title='bbox 1116 5737 1136 5786; x_wconf 88' lang='grc' dir='ltr'><strong><em>Τ</em></strong></span> <span class='ocrx_word' id='word_1_378' title='bbox 1228 5736 1280 5787; x_wconf 84' lang='grc'><strong>422</strong></span> <span class='ocrx_word' id='word_1_379' title='bbox 1291 5752 1396 5789; x_wconf 86' lang='lat' dir='ltr'><strong>munere</strong></span> <span class='ocrx_word' id='word_1_380' title='bbox 1408 5739 1494 5799; x_wconf 56' lang='lat' dir='ltr'><strong>Belca,</strong></span> <span class='ocrx_word' id='word_1_381' title='bbox 1508 5752 1611 5789; x_wconf 85' lang='lat' dir='ltr'><strong>numere</strong></span> <span class='ocrx_word' id='word_1_382' title='bbox 1627 5738 1655 5801; x_wconf 89' lang='grc' dir='ltr'><strong>Τ,</strong></span> <span class='ocrx_word' id='word_1_383' title='bbox 1669 5742 1772 5790; x_wconf 84' lang='lat' dir='ltr'><strong>uumtuc</strong></span> <span class='ocrx_word' id='word_1_384' title='bbox 1785 5740 1864 5791; x_wconf 56' lang='lat' dir='ltr'><strong>ultan.</strong></span> 
     </span>
    </p>
   </div>
   <div class='ocr_carea' id='block_1_5' title="bbox 0 0 2227 6276">
    <p class='ocr_par' dir='ltr' id='par_1_10' title="bbox 0 0 2227 6276">
     <span class='ocr_line' id='line_1_53' title="bbox 0 0 2227 6276; baseline 0 0"><span class='ocrx_word' id='word_1_385' title='bbox 0 0 2227 6276; x_wconf 95' lang='lat' dir='ltr'><strong> </strong></span> 
     </span>
    </p>
   </div>
  </div>
 </body>
</html>
