4440 6276
271 417 311 478 42
990 407 1168 466 ursronui

270 601 456 667 derelictum
480 603 606 686 penitus
621 602 670 665 ius
686 608 782 680 esset,
809 620 871 664 nou
887 599 1125 665 fideicommissi
1140 601 1277 681 nomine,
1304 620 1365 664 nou
1382 599 1492 682 iegati,
1517 618 1581 663 non
1596 598 1818 664 donationibus
1834 606 1891 664 aut

270 705 450 783 relictione,
485 703 566 787 uuae
589 704 697 768 mortis
720 722 819 767 causa
840 703 1036 787 appellatur,
1069 704 1121 767 rei
1144 703 1286 786 quolibet
1307 702 1453 768 codicillo
1483 703 1597 767 aliisve
1627 702 1759 767 forsitan
1788 702 1889 786 scrip

269 807 358 886 turis,
385 807 429 872 ita
453 814 486 871 ut
507 807 602 871 etiarn
626 806 680 889 qui
704 805 771 869 suis
794 805 923 889 praisdis
944 805 1127 882 militarent,
1154 806 1409 870 condemnationi
1425 805 1636 888 gravissimae
1651 824 1707 888 pro
1723 803 1889 886 dignitatis

270 909 381 973 merito
403 908 546 973 facerent
568 908 746 988 subiectos,
774 916 809 973 ut
830 908 914 972 omni
938 908 1065 973 honoris
1087 909 1255 992 privilegio
1277 908 1430 993 expoliati
1452 907 1616 972 infamiam
1639 907 1835 972 incurrerent
1857 913 1889 972 et

269 1012 396 1096 publico
426 1011 549 1076 crimini
579 1011 760 1076 huiusmodi
783 1031 937 1095 personae
961 1032 995 1075 se
1018 1019 1246 1095 cognoscerent
1268 1031 1339 1076 esse
1363 1011 1538 1092 subiectos,
1570 1009 1761 1075 officialibus
1790 1010 1922 1074 etiams

268 1114 408 1180 iudicum
433 1114 629 1179 diversorum
652 1114 782 1197 triginta
805 1115 930 1196 argenti
952 1114 1059 1198 pondo
1080 1136 1185 1200 poena
1206 1115 1383 1199 proposita:
1421 1134 1517 1196 quam
1547 1113 1574 1177 si
1605 1113 1743 1196 quinque
1765 1113 1889 1177 vicibus

271 1215 303 1280 in
327 1236 430 1280 errore
454 1216 663 1300 perdurantes
693 1216 879 1299 contigisset
906 1216 1039 1298 infame,
1071 1225 1137 1282 turn
1168 1218 1295 1282 demum
1324 1218 1408 1281 tales
1438 1216 1572 1281 convicti
1601 1223 1696 1299 atque
1727 1215 1890 1298 subiugati

207 1325 244 1384 to
270 1318 455 1383 verberibus
477 1319 511 1383 iu
533 1319 663 1383 exilium
687 1319 894 1383 mitterentur.
942 1319 1067 1384 Deinde
1090 1319 1214 1384 codices
1237 1319 1403 1384 universos
1425 1318 1642 1401 sacerdotnm,
1675 1337 1754 1401 quos
1780 1336 1890 1402 perse-

271 1421 464 1504 quebantur,
491 1429 719 1507 praeceperunt
741 1422 869 1503 ignibus
891 1422 991 1487 tradi:
1026 1422 1110 1504 qnod
1131 1422 1170 1487 de
1195 1422 1284 1487 iibris
1306 1420 1505 1502 huiusmodi,
1531 1420 1646 1503 quibus
1669 1421 1731 1486 sibi
1752 1420 1889 1485 nominis

269 1523 357 1588 iilius
380 1544 516 1589 errorem
540 1525 700 1609 persuasit
721 1525 889 1607 iniqnitas,
919 1525 1132 1609 praecipimus
1155 1525 1348 1590 faciendum.
1395 1525 1483 1590 Haec
1506 1524 1602 1604 enirn,
1627 1530 1663 1589 ut
1685 1524 1803 1589 dictum
1826 1530 1885 1604 est,
1909 1547 1940 1587 ro

270 1646 325 1710 pro
356 1627 492 1710 siugulis
522 1628 699 1710 quibusque
730 1628 873 1712 personis
903 1628 950 1692 iiii
974 1628 1174 1693 observanda
1197 1633 1440 1712 praeceperant,
1473 1633 1508 1691 ut
1528 1626 1679 1692 inlustres
1701 1626 1888 1709 singiliatim

270 1729 339 1793 auri
369 1730 473 1812 pondo
503 1730 728 1813 quinquagena
761 1729 890 1810 darent,
924 1731 1116 1814 spectabiles
1146 1731 1215 1795 auri
1244 1730 1349 1813 pondo
1378 1729 1601 1813 quadragena,
1635 1737 1797 1794 senatores
1820 1728 1890 1792 auri

270 1831 376 1915 pondo
398 1833 537 1907 tricena,
570 1833 764 1917 principales
786 1833 855 1897 auri
878 1833 981 1916 pondo
1005 1835 1134 1915 vicena,
1164 1833 1378 1898 sacerdotales
1401 1833 1470 1897 auri
1492 1831 1597 1916 pondo
1617 1832 1757 1914 tricena,
1791 1831 1890 1896 decu-

271 1934 375 1999 riones
398 1935 466 1999 auri
489 1935 592 2020 pondo
615 1936 729 2018 quina,
755 1936 969 2017 negotiatores
992 1937 1062 2001 anri
1083 1937 1190 2019 pondo
1213 1936 1321 2019 quina,
1348 1937 1454 2019 plebei
1476 1936 1545 2000 auri
1567 1935 1672 2019 pondo
1694 1934 1802 2018 quina,
1829 1934 1890 1998 oir-

271 2038 495 2103 cumcclliones
525 2039 649 2120 argenti
679 2038 782 2122 pondo
808 2038 910 2104 dena:
944 2046 975 2104 et
1006 2039 1033 2104 si
1064 2039 1118 2123 qui
1141 2039 1220 2104 forte
1243 2039 1276 2104 in
1298 2040 1359 2103 bae
1380 2038 1521 2123 pernicie
1543 2045 1780 2121 permanerent,
1814 2055 1889 2100 eou-
1910 2062 1941 2102 rs

208 2146 240 2205 it
272 2139 391 2205 {issatis
414 2140 559 2206 omuibus
581 2141 676 2205 rebus
700 2140 767 2205 suis
790 2141 886 2205 exilio
909 2143 1127 2206 multarentur.
1176 2141 1312 2207 Ordines
1335 2149 1442 2207 autern
1465 2141 1646 2222 civitatum,
1680 2139 1738 2206 sed
1764 2148 1796 2205 et
1817 2160 1890 2224 pro-

272 2250 430 2308 curatores
453 2249 485 2307 et
507 2243 713 2308 conductores
736 2244 972 2328 possessionum
996 2245 1053 2309 tali
1075 2264 1179 2329 poena
1199 2244 1391 2309 videbantur
1412 2242 1568 2327 affligere,
1599 2251 1634 2308 ut
1655 2243 1683 2308 si
1705 2243 1785 2308 torte
1807 2243 1890 2308 tales

272 2346 376 2410 celare
407 2346 578 2428 diligerent
607 2354 638 2411 et
666 2345 796 2411 minime
826 2346 1046 2430 publicassent
1074 2354 1107 2412 et
1127 2354 1266 2412 retentos
1288 2347 1406 2413 iudicio
1428 2366 1491 2411 non
1513 2346 1656 2411 tacerent
1677 2346 1886 2430 praesentari,

270 2447 333 2532 ipsi
355 2456 538 2514 tenerentur
559 2449 601 2514 ad
623 2469 776 2532 poenam,
810 2449 1054 2514 conductoribus
1084 2449 1179 2515 etiarn
1209 2450 1367 2532 regalium
1389 2448 1590 2534 praediorum
1612 2449 1673 2513 hac
1695 2449 1796 2513 muita
1816 2468 1890 2532 pro-

271 2551 385 2635 posita,
411 2559 446 2617 ut
467 2560 618 2633 quantum
642 2551 749 2617 domui
771 2553 880 2635 regiae
902 2552 1066 2633 inferrent,
1091 2560 1213 2618 tautum
1236 2553 1332 2617 etiam
1355 2553 1431 2617 fisco
1453 2572 1575 2638 poenae
1594 2552 1720 2617 nomine
1736 2571 1890 2633 eogeren-
1909 2574 1941 2615 ao

270 2661 322 2719 tur
343 2655 519 2736 exsolvere,
547 2661 581 2720 ut
603 2655 797 2738 generaliter
818 2655 851 2719 in
874 2656 1020 2720 omnibus
1043 2655 1284 2721 conductoribus
1308 2656 1360 2721 vei
1383 2655 1632 2740 possessoribus,
1659 2654 1761 2738 quiin
1777 2654 1890 2719 eadem

272 2756 494 2841 superstitione
523 2758 716 2823 crediderint
744 2757 999 2840 perdurandum,
1033 2758 1253 2823 constituimus
1281 2758 1461 2823 observari:
1498 2751 1659 2822 indicibus
1689 2758 1802 2838 etiarn,
1836 2756 1891 2840 qui

271 2859 345 2925 huic
373 2861 420 2926 rei
448 2861 678 2926 instantissime
707 2881 770 2925 non
797 2860 1012 2942 inminebant,
1046 2881 1150 2945 poena
1178 2861 1414 2945 proscriptionis
1444 2867 1476 2924 et
1504 2861 1670 2943 sanguinis
1699 2860 1889 2945 supplicium

270 2969 456 3047 poneretur:
493 2962 551 3028 sed
573 2970 605 3028 et
627 2963 667 3029 de
690 2963 878 3048 primatibus
900 2961 1075 3028 officiorum
1098 2971 1162 3029 tres
1185 2983 1316 3028 numero
1338 2963 1534 3047 punirentur,
1560 2964 1633 3029 aliis
1655 2963 1769 3047 viginti
1791 2963 1890 3028 libra-

270 3085 338 3130 ruru
361 3065 430 3130 auri
453 3067 716 3132 condemnatione
738 3065 923 3131 multandis.
1909 3087 1941 3130 as

204 3192 243 3252 11
356 3186 461 3264 Quare
491 3186 541 3250 his
568 3206 701 3252 neccsse
732 3194 781 3252 est
809 3186 1085 3252 constitutionibus
1111 3187 1247 3270 obligari
1269 3186 1493 3251 homousianos
1516 3206 1642 3269 omnes,
1674 3205 1753 3270 qnos
1775 3185 1888 3250 huius-

269 3288 353 3353 modi
375 3288 480 3354 maiae
503 3289 718 3374 persuasionis
741 3295 864 3354 constat
885 3290 1027 3355 tenuisse
1051 3296 1083 3355 et
1103 3297 1212 3355 tenere
1235 3290 1417 3355 materiam:
1453 3309 1531 3372 quos
1554 3289 1595 3354 ab
1619 3289 1765 3355 omnibus
1792 3308 1889 3373 supra

269 3390 362 3457 dietis
384 3392 545 3457 abstinere
568 3391 786 3474 decernimus,
819 3392 852 3456 in
874 3393 1127 3477 persecutionem
1149 3393 1292 3459 venturis
1314 3413 1372 3477 per
1393 3392 1520 3458 ordines
1543 3399 1726 3458 cunctarum
1748 3392 1885 3472 urbium,

352 3586 370 3590 ...
387 3584 678 3592 ...—...·—

340 3719 517 3768 ldereiietum
536 3720 596 3769 BL:
615 3721 736 3769 directum
760 3721 786 3780 l',
807 3721 920 3769 relictum
940 3721 978 3782 Rp
996 3726 1019 3769 et
1036 3723 1111 3781 culpo
1215 3723 1333 3783 poeuitns
1350 3721 1421 3768 BRV
1523 3723 1563 3769 ius
1581 3728 1649 3769 esset
1668 3720 1810 3770 Lortrtr'ue:
1830 3722 1889 3768 snb-

268 3806 361 3854 iaceret
380 3805 495 3867 liLlle,
522 3806 581 3866 sort.
602 3810 643 3856 ine
662 3815 774 3856 maneret
906 3807 966 3855 tidei
984 3806 1171 3856 commissaeL
1305 3807 1414 3867 delegati
1433 3806 1471 3867 Rp
1604 3806 1853 3855 dominationibnsL

269 3888 284 3939 1
303 3891 397 3939 relictio
415 3904 474 3953 neq;
494 3893 580 3940 mortis
599 3893 621 3940 ll
724 3893 850 3956 quodlibet
868 3893 890 3940 it
1012 3892 1026 3942 3
1045 3895 1081 3941 ita
1099 3898 1143 3942 ant
1159 3892 1217 3941 BV¹
1329 3895 1375 3955 qni
1392 3894 1446 3941 anis
1464 3892 1571 3940 BLRV:
1590 3895 1677 3955 quiuis
1692 3908 1720 3954 p,
1740 3895 1784 3955 qni
1802 3894 1829 3941 in
1846 3891 1884 3941 ed.

270 3974 327 4025 Ler.
360 3979 405 4039 qni
422 3978 450 4026 iu
468 3979 521 4026 anis
539 3977 576 4027 ed.
598 3978 675 4027 Rutu.
810 3979 911 4041 palaciis
930 3979 960 4039 L,
981 3979 1094 4042 placatiis
1118 3979 1138 4026 l'
1267 3979 1478 4027 condemnationis
1496 3978 1582 4038 aurp
1702 3979 1856 4041 dignetis-V

270 4060 285 4111 4
305 4064 394 4112 merito
413 4099 418 4111 .
436 4100 442 4113 .
463 4064 582 4126 superiori
603 4064 642 4127 (p.
663 4063 704 4122 43,
727 4063 784 4125 ¹⁵l=
805 4064 862 4113 baec
879 4065 952 4113 verte
969 4066 1084 4125 leuantur
1101 4066 1128 4112 tu
1145 4065 1192 4125 rtp,
1214 4067 1287 4113 etium
1305 4067 1332 4113 ta
1348 4064 1424 4114 Bem.
1442 4069 1497 4126 poet
1514 4065 1695 4113 contessionem
1711 4080 1736 4126 p.
1757 4063 1800 4124 44,
1822 4064 1851 4114 il

270 4148 352 4197 meriti
371 4149 409 4211 Rp
513 4156 540 4197 et
558 4158 619 4211 utp
723 4149 823 4199 honoris
842 4152 915 4211 rnip
1018 4151 1175 4213 expoliatop
1292 4150 1430 4199 berimiue
1448 4149 1488 4211 up
1604 4152 1729 4200 subiectos
1746 4153 1810 4200 mel.-
1829 4151 1888 4198 enb-

269 4235 344 4283 teetae
362 4233 400 4283 erl.
422 4234 497 4284 Rutu.
630 4236 645 4285 6
663 4237 767 4296 triginta
785 4235 840 4296 itp:
859 4249 914 4283 xxx
931 4235 1008 4297 BLV,
1029 4237 1124 4284 tricena
1141 4234 1179 4284 ed.
1200 4235 1276 4285 Rutu.
1400 4235 1528 4298 propositii
1547 4235 1569 4283 Β
1691 4237 1704 4284 i
1723 4237 1887 4299 perdurantes

270 4319 314 4368 BR
322 4319 371 4382 Vp:
390 4321 582 4384 perdurantibus
601 4320 622 4369 L
640 4327 663 4369 ιι
680 4322 754 4381 vulpe
868 4328 929 4370 tnue
947 4322 1047 4371 demum
1066 4322 1104 4383 Rp
1225 4321 1439 4386 dpraecepernnt
1456 4322 1494 4384 Rp
1606 4323 1705 4384 qnotil
1817 4323 1886 4371 eins·

270 4406 375 4455 modlil
481 4405 511 4456 10
529 4403 704 4474 praecipimus]
722 4408 832 4469 pretium
851 4407 889 4469 Rp
992 4407 1038 4456 hee
1055 4410 1122 4457 enirn
1140 4408 1212 4469 nup,
1232 4406 1292 4468 sert.
1312 4408 1358 4456 boc
1377 4445 1405 4458 ..
1425 4408 1608 4456 obseruandum
1722 4407 1750 4456 11
1771 4422 1816 4471 per
1833 4409 1887 4456 ein·

269 4491 334 4553 gulis
353 4492 398 4541 itit
513 4492 583 4542 lilius
600 4492 691 4542 treeil
807 4494 898 4554 singuli
914 4509 940 4555 p,
962 4495 1106 4555 eiugnletim
1124 4493 1163 4543 ed.
1183 4493 1260 4543 Rutu.
1385 4493 1416 4543 11
1434 4495 1488 4542 auri
1505 4493 1587 4556 pendo
1606 4495 1781 4555 quinquagena
1799 4494 1887 4542 darent

269 4579 416 4642 spectabiles
434 4592 481 4628 eru.
498 4578 536 4642 ilp
635 4578 833 4642 laperasperi·
855 4577 1017 4639 Gottosredur
1030 4580 1127 4630 adeod.
1144 4579 1259 4630 Tteodor.
1277 4580 1345 4640 XVI,
1361 4583 1399 4630 ιιι.
1414 4581 1438 4641 o,
1454 4579 1503 4628 62:
1522 4580 1652 4642 popniaree
1665 4579 1721 4628 tart
1806 4593 1888 4628 sacer·

269 4664 364 4713 dotales
381 4667 445 4713 met:
464 4664 651 4714 sacerdoteeed.
668 4664 743 4714 Rutu.
854 4663 884 4714 14
902 4667 1045 4729 terqniuap
1149 4668 1312 4727 negotiatores
1329 4667 1384 4714 anri
1402 4679 1427 4728 p.
1448 4667 1526 4727 quiue
1543 4679 1591 4714 em.
1605 4663 1645 4724 ap
1748 4665 1841 4713 blebeii
1854 4665 1883 4726 L,

269 4750 353 4813 plebes
369 4764 387 4813 p
491 4752 698 4801 circumcidisset
715 4750 736 4797 l'
839 4749 870 4800 ib
888 4754 985 4812 argenti
1003 4751 1059 4814 Rp:
1077 4753 1112 4800 art
1129 4752 1160 4813 B,
1182 4753 1236 4800 auri
1255 4751 1316 4804 Ll'.¹
1336 4752 1405 4799 lectto
1422 4752 1519 4812 argenti
1536 4751 1650 4814 fimtutur
1666 4749 1748 4798 codice
1768 4750 1884 4800 Theudae.

269 4835 287 4885 l.
307 4839 347 4885 ιιι.
455 4837 643 4899 eqourum.
753 4836 884 4887 litantem
903 4851 987 4900 erup
1093 4836 1122 4886 it
1141 4838 1383 4897 circumductoreep
1486 4837 1638 4887 uidebantur
1653 4839 1718 4886 met.-
1736 4838 1887 4886 iubebantur

269 4920 307 4971 ed.
323 4921 417 4978 nores
438 4922 500 4972 titud
512 4928 562 4971 eat.-
582 4923 710 4972 constabat
728 4922 784 4971 illua
802 4923 964 4986 imperatores
982 4925 1010 4972 in
1028 4923 1128 4972 ordinae
1146 4925 1276 4972 cluitatnm
1295 4923 1369 4971 talem
1381 4935 1485 4985 poenam
1499 4924 1631 4985 statuisse,
1651 4921 1883 4982 es.1ud.ii'a.e.

269 5008 350 5057 uideri
457 5007 487 5058 18
506 5009 586 5058 celere
604 5007 651 5057 δι’
753 5009 885 5071 diligerent
902 5008 1004 5071 aurp:
1023 5009 1161 5070 deligerent
1179 5010 1201 5057 L
1218 5013 1241 5057 et
1259 5011 1333 5070 calpe
1436 5010 1585 5058 retouteel'
1687 5007 1716 5058 11
1737 5015 1767 5057 nt
1784 5009 1886 5070 aurp.-

270 5095 294 5144 id
314 5095 334 5145 L
351 5100 373 5143 et
392 5096 465 5156 vulpe
586 5093 618 5145 11
637 5095 811 5144 constituimur
830 5094 913 5143 ertr':
933 5096 1096 5144 constituitur
1111 5111 1138 5157 p,
1158 5097 1342 5144 constituerunt
1360 5093 1381 5142 L
1398 5099 1422 5143 ιι
1438 5096 1514 5155 culpo
1634 5095 1760 5144 indicibus
1777 5094 1885 5144 BthV:

270 5182 300 5231 de
312 5181 465 5244 ludiuibnep
570 5179 601 5229 to
620 5181 771 5243 supplicium
784 5188 918 5244 poneretur
930 5181 1013 5230 BLV:
1033 5182 1184 5245 punirentur
1196 5181 1243 5243 Rp,
1259 5181 1381 5244 supplicio
1394 5183 1546 5244 punirentur
1557 5181 1595 5231 ed.
1611 5181 1688 5230 Rutu.
1796 5179 1829 5231 14
1847 5183 1887 5231 οι·

270 5268 380 5316 telarum
400 5264 470 5327 Rl'13
491 5266 526 5326 es.
540 5266 592 5317 eod.
608 5265 698 5315 Tleod.
714 5268 754 5327 td,
770 5269 794 5327 ι,
810 5270 859 5315 td.-
879 5269 988 5316 otdrium
1009 5271 1050 5329 (re.
1070 5268 1190 5329 iudicum)
1211 5281 1311 5330 qnoque
1328 5281 1417 5328 annm,
1438 5266 1504 5329 quod
1521 5267 1596 5316 eeintl
1614 5269 1729 5336 propriae
1745 5274 1887 5330 contempte

270 5353 430 5413 remetiens
448 5353 566 5412 «tamarit,
588 5353 684 5415 punitis
703 5353 783 5402 tribue
802 5354 959 5416 primrtibue,
979 5353 1184 5403 condemnatione
1202 5354 1293 5415 uiginti
1312 5354 1429 5402 librarum
1447 5354 1502 5401 auri
1519 5353 1678 5416 plectendum
1781 5349 1887 5420 uiginti]

269 5438 337 5488 nte
440 5436 473 5487 11
492 5438 661 5500 mulctandip
765 5438 798 5490 to
816 5438 890 5487 nteit
992 5440 1209 5504 conditionibuep
1312 5440 1467 5490 omousianos
1485 5438 1579 5487 Bthl'
1680 5437 1713 5488 17
1731 5439 1811 5487 malae
1829 5453 1887 5501 per-

270 5526 394 5576 enealoule
413 5526 503 5586 oripo:
524 5524 580 5573 rueil
599 5525 767 5586 pennerlouis
781 5524 810 5582 L,
831 5525 889 5573 malt
908 5539 952 5588 per
970 5540 1015 5575 ena
1033 5527 1112 5586 signis
1133 5526 1268 5588 (pemrrasle
1286 5527 1352 5587 ignis
1366 5524 1395 5586 rt)
1416 5524 1493 5584 BLV,
1514 5525 1587 5573 malla
1604 5537 1736 5585 pereuuoa
1753 5526 1851 5586 ignisp

270 5613 301 5662 eb
318 5612 459 5661 bominibus
477 5609 586 5673 uturp
690 5609 722 5660 tt
740 5612 853 5660 obtinere
871 5626 888 5673 p
991 5615 1188 5676 persecutionem
1207 5611 1261 5673 ap:
1287 5612 1485 5674 prosecutionem
1506 5612 1562 5671 t-ne
1580 5609 1633 5671 BL)
1652 5608 1723 5657 BLV
1737 5615 1761 5658 et
1778 5611 1852 5672 calpe

270 5692 397 5764 uenturis]
414 5711 444 5747 ne
461 5701 580 5759 serpedo
598 5705 728 5753 uenturos.
748 5696 783 5757 cs.
801 5710 827 5759 p.
850 5695 880 5746 ro
898 5712 922 5745 u.
946 5695 976 5745 18
988 5710 1023 5761 ep.
