4440 6276
862 410 1090 466 lollhnulbbs
1109 412 1180 468 LIB.
1201 414 1239 467 ll.

627 599 718 666 milia
738 608 827 667 muta
849 600 973 667 virum?
1016 566 1113 667 sic⁸si
1136 601 1261 667 lucusta
1284 602 1344 667 θιὼ
1367 601 1463 667 astris

627 704 744 768 Austro
767 701 865 770 flante
888 703 975 770 cadit
997 704 1135 788 Libycos
1157 704 1277 770 diffusa
1299 725 1357 790 per
1377 725 1473 789 agros

629 826 703 872 rere
726 807 785 872 sub
808 814 971 889 extremo,
998 807 1049 873 vel
1074 827 1144 872 curn
1167 808 1270 873 Notus
1293 807 1424 875 aethere
1445 808 1487 872 ab
1510 807 1576 872 alto

626 909 660 973 in
683 930 771 977 mare
792 910 1000 995 praecipitem
1023 930 1203 994 magnoque
1225 931 1246 975 a
1268 911 1394 977 turbine
1417 918 1539 994 raptam

628 1011 675 1077 ire
696 1011 799 1077 iubet:
826 1012 932 1078 dubiis
954 1013 1140 1078 horrescunt
1163 1013 1260 1078 eorda
1281 1034 1400 1098 pavore

627 1115 797 1198 agricolis,
823 1123 952 1200 segetes
973 1135 1014 1181 ne
1037 1122 1178 1181 conterat
1199 1115 1328 1181 horrida
1349 1117 1469 1201 pestis,

627 1238 690 1282 neu
712 1225 818 1284 vastet
839 1218 961 1285 fructus
984 1226 1110 1285 teneros
1132 1219 1302 1302 hortosque
1324 1220 1480 1302 urentes,

628 1320 778 1386 mollibus
799 1329 856 1387 aut
878 1321 975 1387 ramis
996 1319 1161 1388 florentem
1185 1321 1294 1388 laedat
1315 1323 1444 1388 olivam.

628 1423 755 1507 iamque
776 1424 892 1509 pedem
915 1426 1081 1491 retrahens
1102 1425 1172 1491 ibat
1193 1426 1337 1491 Romana
1357 1425 1526 1501 iuventus,

520 1550 532 1585 ι
629 1527 751 1593 ductori
773 1547 928 1612 responsa
949 1527 1067 1594 ferens.
1114 1529 1197 1593 hanc
1219 1528 1383 1613 proximus
1405 1528 1506 1594 hostis

628 1630 805 1696 circumdat
827 1630 960 1697 levitate
982 1650 1051 1695 sua.
1099 1631 1163 1696 ianr
1186 1632 1268 1697 dura
1289 1632 1442 1698 subibant

628 1733 769 1816 agunina.
817 1733 1010 1800 conveniunt
1032 1734 1125 1800 densi
1147 1733 1188 1800 de
1210 1734 1370 1800 montibus
1393 1735 1517 1813 hostes,

627 1835 776 1902 faucibus
799 1858 816 1903 e
840 1836 962 1903 cunctis
985 1857 1114 1922 campos
1137 1837 1313 1903 funduntur
1333 1837 1367 1903 in
1389 1858 1519 1913 omnes,

627 1941 747 2004 Austur
768 1947 817 2021 et,
841 1939 1005 2006 indomitis
1027 1940 1144 2006 ardens
1165 1961 1248 2023 quae
1271 1940 1372 2006 fertur
1392 1941 1426 2006 in
1449 1940 1565 2022 armis,

628 2042 816 2108 Mutuniana
838 2063 962 2108 manus.
1011 2043 1154 2109 succedit
1176 2042 1267 2109 fortis
1288 2043 1432 2127 llaguas.

627 2146 754 2229 iamque
777 2146 836 2211 sub
859 2146 994 2213 hostiles
1016 2146 1103 2213 acies
1125 2146 1314 2212 transmissa
1336 2154 1483 2213 catervas

626 2249 791 2315 innumero
815 2250 961 2316 currebat
982 2271 1074 2334 equo.
1121 2252 1290 2334 turbatque
1312 2251 1506 2335 premitque,

628 2360 659 2418 et
681 2353 785 2436 magis
807 2360 903 2436 atque
925 2353 1029 2436 magis
1052 2353 1187 2419 densum
1211 2354 1346 2439 stipatur
1370 2353 1404 2418 in
1426 2374 1559 2435 agmen,

627 2462 846 2540 exuperatque
868 2455 963 2522 viros.
1009 2456 1090 2541 ipsis
1111 2463 1234 2522 artatur
1254 2457 1295 2522 ab
1318 2457 1421 2523 hastis

519 2581 531 2617 :.
627 2579 778 2643 campus,
804 2566 837 2625 et
857 2559 982 2641 ingenti
1004 2567 1175 2642 quassatur
1196 2568 1282 2625 terra
1302 2560 1450 2626 tumultu.

628 2661 691 2733 sic,
718 2662 773 2727 uhi
795 2663 991 2747 compellunt
1013 2663 1173 2728 currentia
1194 2663 1306 2728 nubila
1327 2662 1414 2728 venti

627 2784 787 2831 murmure
810 2784 882 2830 curn
905 2765 1032 2846 valido,
1058 2771 1104 2831 tot
1125 2765 1244 2832 crebris
1266 2765 1396 2850 ignibus
1417 2766 1536 2832 ardens

627 2867 755 2934 nimbus
777 2874 809 2933 et
831 2868 970 2934 adversa
992 2868 1124 2935 veniens
1146 2868 1180 2933 in
1202 2868 1304 2934 fronte
1329 2870 1469 2954 procella

628 2968 732 3037 influit
753 2970 876 3037 exactis
898 2978 990 3037 vasto
1013 2991 1084 3038 cunr
1106 2970 1248 3056 pondere
1270 2972 1370 3056 guttis

628 3073 796 3155 grandinis
817 3074 988 3139 infandae:
1014 3074 1134 3158 pluuiis
1157 3075 1323 3159 ventisque
1346 3075 1497 3142 subactus

627 3177 732 3243 tristia
754 3177 946 3243 submittens
968 3177 1032 3242 iarn
1056 3176 1194 3260 frigidus
1216 3198 1271 3243 ora
1295 3178 1396 3245 viator

629 3279 778 3346 dentibus
800 3279 980 3362 infremuit,
1007 3279 1109 3345 victus
1132 3280 1179 3346 sic
1200 3288 1293 3364 terga
1315 3281 1457 3349 reflexit.

629 3390 662 3448 et
683 3382 754 3447 loca
774 3389 843 3448 tuta
864 3390 978 3466 petens
1001 3382 1093 3447 silvis
1114 3383 1270 3466 tectisque
1293 3385 1439 3450 cucurrit.

629 3505 693 3548 uon
714 3484 808 3551 aliter
830 3486 993 3550 Romanus
1015 3504 1114 3569 eques
1135 3486 1200 3551 iam
1222 3486 1327 3552 victus
1349 3487 1476 3571 abibat,

630 3587 720 3653 hoste
742 3595 907 3673 premente
929 3588 1034 3671 graui.
1082 3608 1217 3671 surgens
1241 3590 1317 3656 licet
1337 3591 1448 3657 inclita
1470 3591 1571 3657 virtus

630 3690 725 3755 luania
746 3689 832 3756 facta
855 3698 960 3776 petat,
986 3690 1104 3757 nimius
1126 3698 1235 3758 tamen
1256 3692 1410 3778 imprimit
1430 3693 1532 3759 hostis

631 3793 836 3860 conveniens.
883 3813 942 3860 nee
963 3794 1030 3860 tela
1052 3793 1112 3860 viri
1133 3814 1193 3861 nec
1215 3795 1341 3880 spicula
1362 3805 1496 3881 possunt

630 3915 782 3982 spargere
805 3896 893 3963 lenta
915 3917 1022 3963 manu.
1070 3898 1159 3963 solus
1182 3898 1237 3963 vix
1259 3898 1384 3964 suflicit
1401 3900 1487 3966 ensis

629 4000 750 4085 pellere
772 4000 874 4067 Marte
896 3999 1000 4083 uiros,
1025 4000 1121 4086 clipei
1144 4000 1198 4065 iix
1221 4001 1333 4067 sistere
1355 4010 1467 4068 contra

628 4104 763 4169 vulnera
784 4102 958 4169 sufficiunt.
1005 4103 1105 4169 tristis
1128 4110 1204 4169 tune
1225 4105 1359 4170 aethera
1380 4106 1502 4171 clamor

628 4206 748 4291 pulsat.
793 4205 953 4291 susceptis
975 4214 1143 4288 regemunt
1164 4206 1325 4273 obstantia
1345 4207 1420 4273 telis

629 4315 722 4374 scuta
742 4308 858 4375 virum.
903 4308 1046 4374 infandis
1067 4309 1209 4393 agitatur
1230 4308 1297 4376 vita
1318 4311 1460 4396 periclis.

627 4419 703 4478 tunc
725 4413 869 4477 llomana
890 4411 977 4477 acies
1000 4411 1154 4497 paulatim
1178 4413 1336 4480 excedere
1358 4434 1467 4498 pugna

628 4516 755 4597 nititur,
780 4515 997 4599 adversosque
1020 4516 1156 4583 reluctat
1177 4515 1333 4599 prendere
1357 4518 1470 4583 colles.

715 4619 840 4686 interea
861 4620 957 4686 velox
978 4620 1125 4705 placidas
1147 4627 1353 4687 concusserat
1375 4640 1471 4686 aures

629 4722 774 4805 nuntius,
799 4722 923 4806 ingenti
946 4724 1137 4789 conturbans
1159 4729 1264 4789 castra
1285 4723 1442 4803 tumultu,

629 4825 836 4891 descendisse
859 4825 945 4892 feros
968 4825 1059 4892 siluis
1081 4834 1114 4892 et
1136 4826 1295 4890 montibus
1318 4825 1426 4892 hostes

627 4929 829 5011 innumeros,
856 4949 985 5014 campos
1007 4929 1095 4996 acies
1116 4929 1269 5013 implesse
1292 4927 1467 5012 nefandas,

377 5152 653 5161 -.—..-—-—-—-

315 5304 362 5354 196
380 5306 416 5354 sle
434 5306 456 5355 si
474 5307 569 5367 scripsi,
594 5306 643 5354 sub
660 5305 697 5354 sic
717 5300 747 5365 Τ,
773 5303 814 5350 uel
833 5302 871 5350 slc
888 5300 966 5351 Mass.
1094 5300 1140 5352 198
1158 5302 1231 5351 ethes
1252 5301 1273 5350 Τ
1395 5301 1443 5352 199
1461 5310 1549 5352 rsttsm
1570 5302 1591 5350 Τ
1709 5302 1755 5353 201
1777 5318 1827 5353 neu
1848 5303 1869 5353 Τ

242 5390 291 5440 2112
311 5391 436 5440 usststT
538 5389 588 5440 299
608 5391 703 5439 ultusur
725 5389 745 5434 Τ
848 5387 899 5437 295
916 5388 1077 5450 prcxlmlsT
1181 5387 1230 5437 201
1249 5389 1405 5437 conueniunt
1422 5388 1539 5450 Loebm„
1562 5403 1608 5438 cur
1625 5391 1735 5438 ueniunt
1756 5390 1783 5445 Τ,
1809 5403 1867 5439 cum

243 5476 443 5526 uerrlnntltloss.
548 5476 656 5525 danti?
757 5472 809 5524 2118
827 5472 997 5534 allevamus,
1013 5473 1074 5523 etl*
1178 5472 1229 5523 299
1247 5474 1386 5536 ardensque
1403 5474 1484 5522 fertur
1500 5475 1643 5524 lnsrmlsl'
1747 5474 1797 5526 219
1815 5476 1868 5525 lle·

242 5562 448 5612 orrmlsnslloss.
536 5561 688 5623 hllsgussT
791 5560 840 5609 211
858 5560 1075 5622 exlpperstquel
1177 5557 1226 5610 211
1246 5559 1328 5609 mol
1414 5561 1580 5609 crebribusl'
1681 5559 1733 5612 219
1749 5562 1870 5624 grsotlsl

242 5646 292 5697 221
310 5648 412 5697 hsbibst
432 5647 452 5694 Τ
588 5646 639 5697 2211
656 5649 784 5709 lmprarnlt
802 5646 867 5694 hosti
889 5644 910 5692 Τ
1047 5643 1098 5694 228
1117 5659 1205 5695 manus
1227 5646 1248 5693 Τ
1384 5645 1574 5708 2211ρθιθΙΙοιθ
1597 5647 1618 5693 Τ
1735 5649 1827 5710 ellpsls
1849 5646 1870 5695 Τ

243 5734 288 5784 291
311 5734 436 5782 hostsntls
456 5734 477 5780 Τ
580 5731 629 5782 nst
649 5732 807 5780 ‹lisceudlsse
824 5733 863 5779 oo
879 5732 1034 5780 distendisse
1055 5731 1076 5778 Τ
1180 5730 1230 5781 238
1248 5733 1358 5797 implexa
1378 5732 1399 5780 Τ
