4440 6276
287 412 364 476 vm
977 407 1203 465 eennen'rto.

287 672 331 682 —
352 646 385 698 ut
407 636 525 697 domina
548 642 738 715 correctum,
764 634 823 699 sed
845 635 938 700 lectio
960 635 1199 709 reservantibus,
1224 635 1257 699 in
1280 654 1344 716 qua
1365 634 1412 698 rei
1436 633 1531 698 cardo
1552 634 1702 717 vertitur,
1728 640 1813 698 recte
1837 654 1905 700 oer-

288 761 364 819 vata
386 761 445 821 eet.
467 753 548 835 -Ι,
577 757 615 816 16
639 757 756 818 atididit
779 757 879 818 rrdbuc
900 765 933 818 ut
953 775 1029 836 prus
1052 756 1228 817 clericorum
1255 803 1262 816 .
1289 802 1296 816 .
1322 757 1416 817 <attio
1439 756 1614 817 truderetur
1640 756 1823 836 [traderetur
1843 755 1902 838 Rp,

288 881 322 938 at
343 894 374 937 v.
399 873 425 955 I,
445 875 497 938 22.
523 873 581 956 lll,
603 876 655 938 34.
680 875 771 939 Paeo.
797 879 843 957 t).
888 874 914 955 Ι,
944 877 982 937 18
1005 874 1075 938 loco
1098 875 1264 938 verborum
1298 875 1424 956 ‘petibus
1455 877 1504 936 ilie
1530 895 1588 956 per
1611 877 1828 937 internuntium
1851 897 1908 937 ra-

289 995 356 1056 bido
379 996 571 1075 respondisse
593 1015 644 1057 ore
663 996 828 1077 probatur'
851 995 878 1058 R
900 1016 920 1078 p
942 993 1022 1058 nihil
1044 992 1163 1059 habent
1184 993 1247 1058 nisi
1268 993 1328 1058 hoc
1353 995 1477 1077 ‘quibem
1499 996 1580 1058 dr'mit
1601 997 1686 1056 reoe'.
1732 994 1759 1077 Ι,
1785 998 1825 1059 22
1853 998 1906 1059 bac

290 1118 367 1176 errim
387 1117 606 1197 persecutionis
626 1135 722 1198 penus
744 1115 891 1198 apebatur
917 1163 973 1192 ..,
999 1124 1031 1176 at
1051 1118 1171 1196 piorum
1192 1135 1300 1176 nomen
1322 1115 1434 1177 talibus
1458 1116 1579 1177 insidiis
1602 1118 1758 1192 interiret;
1781 1115 1814 1179 in
1835 1116 1861 1179 R
1886 1138 1906 1201 p

289 1233 332 1298 ad
354 1234 467 1300 vocab.
490 1237 707 1317 persecutionis
729 1234 972 1318 interpolatione
994 1233 1154 1299 adiectum
1177 1240 1241 1299 cst:
1277 1243 1416 1316 tempore.
1463 1234 1488 1314 1,
1515 1237 1556 1297 28
1586 1234 1807 1317 corrigendum
1837 1244 1901 1301 est:

288 1355 448 1417 ordinator
463 1357 614 1439 quondam
637 1358 796 1418 memorati
816 1357 993 1431 sacerdotis,
1018 1359 1137 1417 nornine
1156 1355 1265 1416 Tboma
1279 1360 1354 1435 etc,
1380 1353 1402 1418 ἰ.
1421 1374 1450 1419 e.
1469 1354 1603 1437 Thema,
1628 1354 1682 1436 qui
1698 1364 1904 1422 memoratum

290 1472 486 1540 sacerdotem
502 1474 662 1558 quondam
677 1473 859 1539 instituerat
872 1482 969 1558 atque
985 1481 1242 1551 consecraverat3
1261 1473 1294 1537 in
1310 1474 1337 1537 R
1352 1495 1373 1559 p
1388 1483 1516 1559 propter
1530 1473 1602 1540 leve
1616 1473 1728 1542 mtium
1744 1480 1906 1541 ordinatur

290 1614 389 1679 prave
411 1600 584 1661 correctum
608 1602 674 1660 eet:
704 1597 867 1657 ordinat-ur
888 1597 1040 1678 qreoadcm
1062 1597 1228 1659 sacerdotio
1250 1598 1368 1657 rtoraiae
1395 1597 1529 1658 Thomas.
1577 1594 1604 1679 Ι,
1631 1598 1668 1658 31
1700 1595 1841 1656 blamiaco
1863 1627 1905 1637 -

290 1735 420 1798 noctque
436 1718 496 1778 iam
512 1717 565 1777 deo
581 1724 707 1778 senerata
729 1716 782 1796 (ee.
800 1722 876 1800 erat)
900 1753 936 1761 -
953 1717 1106 1779 bttrrtanas
1120 1718 1244 1798 nuptias
1266 1716 1419 1797 refutabat
1438 1718 1645 1798 (inanimaque
1660 1717 1719 1776 iam
1735 1719 1795 1778 etc.
1814 1712 1902 1795 ep.

291 1834 317 1917 1,
344 1837 384 1897 34
407 1834 547 1919 pessima
569 1833 726 1918 scriptura
747 1836 879 1919 vulgata
908 1835 954 1901 sic
975 1834 1178 1900 emendanda
1208 1841 1272 1900 est:
1307 1846 1375 1917 post
1404 1838 1456 1897 boe
1480 1845 1608 1898 'artatur
1638 1837 1779 1898 Monimo
1809 1833 1906 1893 darae

289 1957 442 2018 custodiae
464 1957 638 2038 suspitione
660 1957 778 2018 antetuli
798 1958 983 2018 ertenditur.
1032 1955 1112 2021 (lum
1141 1954 1246 2020 scriba
1274 1954 1404 2038 quidam
1434 1974 1496 2019 non
1525 1953 1739 2019 intellexisset
1767 1955 1905 2014 uramenta

290 2092 362 2139 θεεθ
384 2094 499 2140 nomen
521 2074 699 2158 proprium,
732 2075 765 2140 in
795 2077 823 2140 R
845 2096 1011 2160 perperam
1041 2083 1213 2140 correctum
1236 2082 1301 2139 θεῖε
1335 2085 1480 2139 artam-ur
1508 2082 1541 2139 et
1569 2076 1787 2138 contenduntur.
1815 2109 1852 2119 —
1877 2071 1903 2153 1,

292 2196 332 2258 38
355 2196 426 2257 vate
447 2195 507 2256 sibi
527 2198 559 2258 ia
582 2205 708 2279 capereto
728 2195 822 2279 sapae
849 2198 965 2278 (farore
987 2196 1023 2278 R)
1050 2198 1257 2278 tantisquisqae
1280 2199 1321 2257 ita
1344 2196 1491 2258 dicebant.
1538 2194 1564 2276 Ι,
1590 2197 1631 2256 49
1654 2195 1777 2256 advenit
1798 2194 1908 2254 nrulier

290 2315 332 2377 ad
361 2316 457 2376 iocum
482 2364 489 2378 .
510 2361 518 2376 .
543 2318 703 2381 conscissis
732 2317 864 2379 vestibus
886 2321 1027 2399 crineque
1048 2318 1161 2387 soluto,
1194 2336 1294 2378 secum
1329 2318 1426 2399 (seque
1447 2315 1483 2397 R)
1518 2315 1728 2377 comitantibus
1748 2315 1821 2396 filiis
1843 2319 1904 2377 ete.

290 2433 332 2516 ΙΙ,
360 2437 379 2498 Ι
402 2437 482 2498 dedit
503 2445 602 2498 auum
625 2438 786 2513 licentiam,
812 2441 925 2499 Zenone
947 2440 1129 2519 imperatore
1150 2446 1238 2519 atque
1263 2437 1398 2499 Picuidia
1421 2438 1528 2498 relicta
1552 2436 1669 2517 Olybrii
1698 2432 1730 2515 (i.
1755 2453 1785 2498 e.
1810 2431 1908 2497 vidua

289 2552 342 2636 0.,
368 2554 500 2639 Rpex
522 2555 783 2640 interpolatione:
812 2579 870 2640 per
892 2559 989 2621 edicta
1013 2558 1060 2639 0.)
1090 2557 1265 2640 repentibus
1287 2566 1322 2619 at
1335 2562 1395 2621 etc.
1442 2556 1484 2638 Π,
1514 2561 1552 2620 10
1574 2556 1627 2618 nbi
1648 2557 1702 2618 isto
1724 2555 1809 2616 modo
1836 2554 1908 2634 fidei

289 2675 458 2758 insrinpere
480 2697 539 2738 aon
562 2678 660 2740 valuit
681 2698 803 2740 murum
831 2678 936 2760 (alitem
958 2677 985 2740 R
1008 2677 1037 2761 p)
1065 2683 1125 2742 etc.
1172 2677 1213 2759 Π,
1240 2679 1281 2741 32
1315 2680 1347 2739 in
1369 2696 1430 2758 qua
1451 2679 1666 2758 constipatione
1688 2675 1844 2737 secedendi
1865 2675 1906 2735 ad

289 2796 433 2857 namrcle
462 2797 591 2880 officium
619 2799 706 2861 nulia
737 2800 814 2859 ratio
837 2798 953 2861 sinebat
976 2800 1048 2877 laci,
1085 2799 1137 2859 sed
1159 2806 1295 2859 stercora
1317 2807 1344 2860 et
1365 2800 1490 2860 urinam
1513 2797 1620 2859 ibidem
1639 2795 1793 2878 faciebant
1819 2795 1908 2878 (ster-

289 2918 369 2978 coris
385 2926 412 2978 et
426 2919 537 2979 urinae
559 2917 632 3001 Rp,
658 2916 743 2982 unde
766 2920 862 2981 locrtm
885 2921 1026 2981 stercoris
1049 2926 1076 2980 et
1097 2919 1208 2979 urinae
1231 2916 1327 3000 vulgo
1348 2915 1573 3001 ineptissime).
1614 2915 1656 2997 ΙΙ,
1683 2918 1723 2980 35
1746 2915 1908 2978 artabatur

291 3037 448 3098 multitudo
472 3037 513 3099 ad
534 3039 732 3115 currendam,
760 3047 793 3101 ut
814 3039 868 3100 ubi
888 3039 1027 3101 caccaba
1055 3039 1117 3121 (ubi
1136 3047 1208 3100 tuac
1229 3041 1319 3100 naot's
1341 3038 1377 3114 R)
1405 3047 1472 3100 erat
1493 3045 1698 3119 praepa-rata,
1725 3036 1907 3098 laboriosam

291 3165 433 3237 caperent
454 3160 651 3220 mansionem.
698 3157 739 3236 ΙΙ,
767 3161 807 3220 40
835 3161 952 3221 nubtam
976 3162 1089 3221 invenit
1110 3159 1275 3220 remedium
1298 3160 1456 3220 iniuriaeas
1478 3159 1653 3233 calamites,
1677 3158 1740 3218 nesi
1760 3178 1780 3218 a
1803 3164 1906 3218 sancto

291 3278 422 3358 Eupenio
445 3278 654 3358 rationabilis,
688 3281 717 3341 si
737 3298 789 3340 cor
816 3278 985 3341 barbarum
1014 3281 1200 3359 atolliretur,
1233 3279 1423 3362 suppetenda
1445 3279 1573 3339 daretur
1595 3278 1651 3339 tali
1672 3284 1813 3339 contemtu
1835 3297 1907 3338 cort-

292 3399 416 3477 scripta.
464 3395 515 3460 Ad
537 3397 648 3462 vocab.
674 3398 865 3460 rationabilis
887 3398 920 3462 in
942 3398 970 3461 R
991 3418 1012 3481 p
1033 3397 1276 3482 interpolatione
1297 3396 1455 3463 adiectam
1479 3402 1544 3462 θεῖε
1577 3416 1674 3460 caasa
1696 3399 1763 3459 aisa
1785 3405 1838 3459 est.
1863 3431 1906 3440 —

292 3514 334 3597 ΙΙ,
360 3518 401 3578 50
424 3536 509 3598 pum
532 3537 642 3595 seeum,
668 3537 821 3601 pausante
842 3519 1064 3600 baptizaretur,
1090 3518 1132 3579 ibi
1152 3521 1278 3582 (detenuit
1299 3519 1334 3580 ob
1355 3519 1419 3595 boc,
1445 3538 1481 3579 ae
1504 3525 1585 3580 tanto
1609 3519 1755 3579 miraculo
1775 3519 1906 3598 popalus

292 3638 443 3699 excitatus
465 3640 566 3698 virum
589 3645 762 3711 cartura-et,
788 3641 842 3720 qui
862 3647 1017 3719 receperat
1041 3639 1150 3701 iucren.
1197 3638 1276 3702 Cum
1300 3636 1332 3702 in
1354 3637 1527 3721 archetypo
1549 3634 1691 3700 familiae
1714 3635 1742 3699 R
1763 3656 1800 3697 rec
1827 3637 1908 3720 (poet

292 3755 328 3815 ob
349 3755 411 3838 boc)
438 3755 503 3820 levi
524 3775 629 3822 errore
652 3755 803 3821 omissum
825 3763 927 3839 θεεθῖ,
959 3756 1047 3822 locun
1076 3757 1318 3842 interpolatione
1340 3756 1387 3821 sic
1408 3755 1556 3821 foedatus
1581 3762 1645 3821 eet:
1683 3756 1717 3817 ob
1745 3756 1798 3817 boe
1824 3765 1906 3818 tarrto

292 3877 440 3938 mirruulo
461 3878 591 3958 populus
613 3879 764 3940 encibolus
787 3880 982 3959 comprimere
1004 3881 1124 3955 airum,
1156 3881 1209 3961 qui
1229 3886 1384 3959 receperat
1414 3879 1531 3954 laurete,
1563 3884 1710 3958 coeperat.
1757 3874 1906 3939 Lacenae

292 4014 419 4076 quoque
440 4015 542 4079 aeque
564 4002 660 4079 atquc
682 3996 715 4061 in
738 3995 820 4061 BLV
841 3996 875 4061 in
897 3997 946 4081 Rp
968 3995 1259 4082 deprehenduntur,
1285 3996 1373 4062 velut
1393 3995 1420 4078 1,
1448 4000 1487 4059 14
1501 4002 1574 4081 poet
1588 3996 1777 4084 arduporuat
1792 3994 1908 4060 desunt

292 4115 406 4181 verba:
434 4118 541 4198 pmdsi
560 4119 676 4199 optione
694 4120 851 4199 proposita
873 4119 962 4180 occire
984 4119 1154 4194 tardarent,
1179 4120 1265 4179 servi
1282 4119 1423 4199 perpetui
1443 4124 1644 4178 remanerent.
1684 4113 1709 4198 Ι,
1731 4118 1770 4178 41
1795 4119 1906 4199 sapida

296 4233 339 4316 [in
360 4237 490 4318 pudure]
518 4238 669 4300 iaculatus
693 4287 700 4300 .
723 4285 730 4298 .
754 4245 893 4300 mortuus
917 4247 986 4320 post
1007 4238 1111 4300 cecidit
1133 4239 1207 4319 ipsc.
1253 4235 1286 4319 1,
1312 4240 1352 4299 50
1383 4239 1434 4299 cui
1460 4237 1510 4299 iiie
1537 4236 1588 4297 iob
1617 4237 1717 4299 saneti
1740 4237 1829 4318 [voce]
1856 4256 1908 4297 re-

294 4357 426 4437 spondit.
470 4355 512 4438 11,
539 4359 558 4418 2
585 4364 713 4439 propter
741 4358 819 4439 qaod
848 4360 945 4439 mapis
979 4358 1184 4439 tlaudabiiiorl
1219 4367 1402 4420 nientorotas
1430 4366 1580 4438 emanans
1602 4355 1771 4419 videbatur.
1818 4354 1861 4435 ll,
1886 4360 1905 4417 4

295 4475 422 4537 liberum
437 4475 600 4538 arbitrium
614 4477 728 4538 bebetis
744 4479 775 4539 ia
792 4478 922 4539 ecciesiis
937 4480 1047 4540 uestris
1066 4481 1177 4541 missas
1200 4497 1290 4560 apere
1311 4479 1359 4540 aei
1381 4486 1515 4540 tractare
1541 4478 1578 4559 [et
1592 4496 1669 4559 qnae
1691 4478 1763 4558 lepis
1786 4485 1907 4539 vestrae

294 4603 365 4656 ment
387 4595 634 4676 panadmodnm
656 4598 749 4659 ruitis
768 4596 897 4677 [θεεεεΙ.
944 4597 993 4678 ΙΙ,
1020 4601 1060 4660 40
1092 4601 1125 4658 in
1144 4599 1312 4679 provinciis
1334 4620 1355 4659 a
1376 4598 1429 4658 deo
1451 4597 1536 4659 nobis
1558 4598 1705 4658 concessis
1727 4598 1907 4659 scandalum

294 4734 357 4776 esse
379 4716 538 4777 ualeamus:
573 4717 674 4799 [quasi
693 4718 804 4780 diceret
828 4719 858 4778 in
877 4720 1044 4798 provinciis
1067 4712 1180 4780 inostris
1209 4718 1368 4780 catboiicos
1397 4736 1460 4780 ease
1486 4716 1652 4797 nolumusl.
1697 4714 1740 4799 ΙΙ,
1766 4719 1804 4779 61
1839 4717 1908 4778 Plri-

294 4836 383 4916 iippe‚
408 4837 462 4917 qui
481 4855 527 4897 me
550 4836 640 4916 vidit,
666 4838 741 4899 outa
763 4845 792 4898 et
808 4847 939 4918 patrem.
990 4838 1142 4920 [montedo
1171 4846 1202 4899 tu
1231 4839 1328 4900 dicis:
1358 4838 1477 4900 ostende
1502 4838 1577 4900 mebi
1597 4838 1748 4919 paterini]
1796 4836 1838 4919 Π,
1865 4839 1906 4900 66

294 4974 366 5016 nom
389 4957 418 5016 si
439 4956 565 5017 alterius
589 4965 717 5038 epatre
739 4957 926 5020 substantiae
948 4966 1009 5034 est,
1046 4959 1227 5038 [creterras
1252 4958 1346 5039 silisis]
1377 4978 1438 5019 non
1468 4967 1513 5022 est
1544 4960 1625 5040 laub,
1655 4958 1734 5040 quod
1755 4958 1842 5039 nefas
1864 4967 1908 5020 est

293 5075 410 5153 dume,
435 5079 554 5159 sequior
576 5085 667 5139 natus
689 5086 743 5139 est.
789 5087 833 5140 est
854 5078 943 5158 enim]
969 5096 1061 5140 verus
1080 5078 1176 5159 fitius,
1210 5080 1289 5140 simet
1310 5078 1457 5140 iohannes
1480 5080 1533 5140 ait.
1572 5077 1615 5160 Π,
1642 5080 1680 5140 67
1705 5097 1775 5159 erpo
1797 5079 1826 5139 si
1847 5078 1908 5140 ali-

294 5196 373 5257 unde
395 5195 596 5258 substantiam
617 5197 713 5276 babet,
744 5197 790 5278 [de
807 5208 897 5280 patre
918 5198 1027 5278 babetl.
1075 5197 1117 5280 ΙΙ,
1145 5199 1184 5261 68
1208 5199 1313 5261 divina
1335 5200 1414 5260 euim
1435 5201 1587 5280 peneratio
1610 5198 1828 5261 inenarrabilis
1851 5207 1904 5279 est,

294 5335 354 5378 non
377 5316 563 5399 ipporabilis.
611 5319 692 5398 [nam
713 5336 809 5399 usque
830 5338 862 5379 eo
883 5337 944 5379 aaa
966 5327 1009 5380 est
1032 5318 1221 5401 rpnorabilis]
1247 5325 1306 5383 etc.
1324 5354 1367 5363 -
1382 5318 1424 5398 11,
1450 5320 1490 5382 85
1513 5323 1641 5401 propter
1661 5317 1792 5382 verbum
1812 5337 1908 5399 prae-

293 5438 373 5498 scire
394 5434 483 5502 brevi
504 5434 672 5501 intervallo
692 5436 743 5501 bio
765 5435 902 5521 positum
923 5436 957 5500 in
979 5437 1007 5501 R
1028 5458 1049 5522 p
1071 5444 1136 5503 troo
1157 5456 1269 5502 verene
1291 5437 1400 5503 omissi
1423 5443 1505 5502 sunt.
1552 5436 1595 5520 ΙΙ,
1621 5440 1661 5500 97
1686 5438 1831 5514 adorate,
1857 5441 1906 5498 in-

294 5559 373 5637 quit,
409 5556 571 5620 scabellum
599 5558 710 5639 pedum
737 5559 813 5618 eius.
864 5560 912 5637 ¹[Si
937 5559 1091 5641 reiipionis
1121 5567 1165 5620 est
1192 5560 1324 5620 adorare
1351 5559 1514 5620 scabeilum
1540 5559 1649 5639 pedum
1672 5559 1761 5637 eius‚l
1796 5566 1906 5641 qenarrto

293 5678 391 5758 mapis
412 5679 597 5759 reiipiosum
623 5679 651 5739 si
672 5680 736 5739 erus
758 5680 885 5759 spiritus
908 5679 1077 5740 adoretur?
1098 5675 1176 5743 ibid.
1201 5680 1230 5739 si
1251 5680 1352 5760 (tripoli
1374 5699 1439 5740 atta
1462 5680 1586 5760 captaret
1609 5681 1757 5760 respicere,
1786 5680 1906 5760 [perarua
