4440 6276
983 433 1218 515 ,Perusinum

678 624 779 688 ardna
802 625 981 709 suspiciens
1005 625 1177 689 minuentis
1200 645 1318 688 cornua
1341 624 1455 699 lunae,

677 729 925 810 noctivagosque
949 729 1057 793 colens
1081 737 1236 792 astrorum
1261 728 1399 791 consulit
1420 727 1530 808 ignes,

678 839 832 911 urguetur
854 838 971 896 terrore
995 838 1066 912 tuo,
1094 839 1302 914 properatque
1326 829 1498 914 superbum

677 933 830 998 inclinare
854 942 950 1017 eaput
971 934 1178 1015 subiectaque
1202 953 1318 1017 ponere
1341 932 1434 996 colia.

552 1058 581 1093 τ’»
677 1037 753 1119 quid
779 1038 916 1120 Libycas
939 1045 1068 1119 gentes,
1096 1035 1172 1119 quid
1195 1037 1321 1119 Syrtica
1345 1037 1467 1119 proelia
1489 1036 1593 1099 dicam

676 1139 740 1203 iam
764 1140 854 1205 libn's
876 1141 1034 1225 completa
1057 1140 1160 1204 meisi
1182 1140 1302 1203 maiora
1324 1139 1460 1203 canendi

676 1250 802 1330 tempus
826 1244 929 1308 adest.
977 1244 1066 1307 senio
1090 1243 1251 1324 dextram,
1277 1243 1348 1327 pie,
1374 1243 1499 1327 porrige
1523 1243 1617 1308 fesso.

676 1355 710 1410 tu
734 1346 811 1409 mibi
835 1347 1000 1410 materiam
1024 1346 1152 1410 dicendi
1175 1345 1327 1410 carminis
1350 1353 1475 1429 alitam,

676 1448 840 1529 ingenium
864 1448 1066 1530 studiumque
1091 1448 1193 1512 (labis.
1241 1448 1291 1511 cui
1316 1448 1443 1512 vincere
1466 1449 1516 1512 fus
1539 1455 1588 1512 est

676 1550 847 1615 indomitas
869 1558 983 1632 gentes
1006 1561 1038 1616 et
1061 1552 1197 1616 barbara
1220 1550 1357 1615 subdere
1381 1572 1497 1633 regna,

676 1655 768 1718 vince
792 1675 883 1720 meae
907 1675 1037 1719 saevam
1060 1654 1223 1734 fortunae,
1252 1654 1420 1738 deprecor,
1447 1655 1538 1719 iram.

677 1758 803 1822 uincere
827 1757 984 1822 i'ortunam
1008 1759 1081 1841 plus
1105 1767 1153 1822 est
1175 1778 1269 1839 quam
1294 1759 1420 1823 uincere
1443 1758 1540 1822 bellu.

678 1860 816 1925 nudatus
838 1862 973 1945 propriis
996 1870 1028 1925 et
1049 1862 1187 1944 plurima
1210 1860 1343 1925 uulnera
1366 1882 1482 1944 passus

677 1964 719 2028 ad
742 1965 899 2029 medicum
924 1965 1013 2041 ueni,
1040 1964 1187 2048 precibus
1211 1964 1264 2047 pia
1286 1972 1415 2048 pectora
1437 1965 1588 2048 pulsans,

569 2102 581 2126 t
679 2066 722 2130 nd
745 2067 919 2141 medicum,
947 2069 1042 2132 verbo
1066 2073 1186 2151 pestem
1210 2067 1264 2148 qrri
1287 2067 1452 2132 submovet
1474 2088 1537 2131 uno

679 2179 711 2235 et
732 2171 801 2234 sine
825 2171 988 2255 conposito
1012 2170 1222 2235 medicamine
1245 2170 1379 2234 vulnera
1402 2180 1499 2235 curat.

678 2274 752 2337 huic
775 2294 834 2356 ego
857 2274 1003 2353 sananti,
1030 2275 1057 2338 si
1080 2295 1144 2356 qua
1166 2281 1215 2338 est
1236 2272 1354 2337 fiducia
1377 2275 1496 2355 servis,

678 2386 785 2458 grates
808 2397 934 2461 semper
956 2397 1035 2457 ago.
1061 2386 1093 2441 et
1116 2396 1171 2460 pro
1195 2396 1324 2440 munere
1348 2377 1491 2441 earmina
1513 2385 1611 2461 porto.

907 2936 1304 3033 pronominum

981 3141 1027 3204 IN
1052 3142 1226 3205 LAVDEM

602 3303 876 3380 nunsunsn
903 3303 1220 3396 QVAESTORIS
1248 3307 1316 3380 ΕΤ
1343 3304 1602 3382 MAGISTRI.

764 3510 944 3576 Inmenssm
968 3512 1081 3575 silvam
1105 3510 1252 3591 laudum,
1279 3512 1327 3576 vir
1349 3512 1448 3594 inste,
1475 3519 1599 3577 tuarum

677 3612 837 3696 aspiciens
860 3614 963 3677 celsos
984 3613 1069 3677 nitor
1090 3614 1280 3696 contingere
1296 3635 1399 3679 rauros

678 3716 876 3798 grandiaque
899 3738 920 3780 a
943 3716 1074 3781 summis
1091 3717 1268 3801 'decerpere
1291 3739 1386 3802 poma
1408 3719 1553 3783 racemis.

678 3819 735 3883 sed
758 3839 875 3903 parvus
897 3820 1019 3884 maiora
1042 3827 1129 3904 peto,
1156 3841 1215 3885 nec
1238 3821 1393 3905 prendere
1415 3840 1543 3906 possum

570 3943 582 3981 u
677 3942 857 3986 mensuram
880 3922 1042 3986 transfusa
1063 3944 1185 4004 meam,
1211 3924 1370 4006 longeque
1391 3933 1512 3989 remota

676 4024 815 4109 suspicio
838 4026 995 4108 mirorque
1017 4026 1145 4101 videns,
1172 4034 1205 4091 et
1225 4027 1358 4091 brachia
1379 4029 1475 4092 tendo

676 4128 796 4208 ingenii
821 4128 981 4210 studiique
1004 4128 1078 4194 mei.
1125 4136 1191 4194 stat
1212 4128 1327 4195 fertilis
1351 4129 1445 4194 arbor

676 4250 836 4294 sacrorum
860 4231 892 4294 in
915 4232 1019 4295 medio
1042 4253 1224 4314 nemorum,
1250 4232 1463 4317 pulcherrima
1484 4232 1572 4313 risu,

677 4355 734 4417 per
754 4333 865 4397 muudi
887 4334 1026 4418 spatium
1050 4355 1153 4399 ramos
1176 4356 1258 4418 (puae
1281 4335 1383 4400 tendit
1405 4355 1539 4420 opacos,

677 4437 832 4501 fructibus
854 4437 1034 4519 omnigenis
1056 4438 1151 4503 etiam
1175 4439 1244 4502 sine
1266 4446 1407 4523 tempore
1431 4439 1527 4522 plena

677 4547 709 4604 et
731 4561 814 4603 nova
837 4539 969 4603 maturis
991 4538 1173 4605 admiscens
1195 4541 1339 4623 germina
1361 4541 1481 4625 pomis,

677 4643 766 4707 cuius
789 4663 871 4727 apex
895 4643 1010 4707 summi
1032 4643 1188 4726 contingit
1210 4642 1317 4709 sidera
1340 4646 1437 4724 caeli,

676 4754 708 4811 et
729 4745 820 4809 radin
843 4745 883 4810 de
906 4744 992 4810 fonte
1015 4745 1111 4826 bibit,
1137 4747 1299 4830 sacrisque
1322 4748 1449 4814 fluentis

676 4848 829 4934 expandit
850 4849 968 4913 satiata
991 4869 1113 4930 conum,
1140 4857 1171 4914 et
1193 4851 1303 4915 nubila
1326 4872 1423 4936 supra
1446 4859 1503 4917 est.

358 5180 387 5228 :tt
410 5176 592 5242 suscipiensM
688 5176 720 5225 33
739 5184 830 5226 terrore
842 5177 912 5237 Rois,
927 5177 1033 5225 terreM
1130 5179 1161 5226 37
1180 5179 1381 5242 pieptorrigeM
1472 5179 1504 5228 38
1523 5182 1578 5232 miei
1595 5181 1622 5229 M
1718 5182 1751 5232 46
1769 5189 1871 5234 barum
1886 5189 1913 5236 M

291 5264 322 5313 tt
341 5280 389 5327 qna
403 5264 430 5311 M
524 5263 632 5312 ueituM
727 5263 759 5312 43
778 5264 883 5311 induem
895 5265 1001 5326 plurima
1013 5265 1071 5324 tepit
1083 5265 1157 5326 Ruit,
1244 5266 1684 5328 trneurommurnuop.1me
1783 5273 1816 5320 45
1834 5278 1912 5324 uerbo

289 5359 385 5413 pestem
404 5353 448 5412 qui
467 5351 539 5411 Rois,
560 5357 746 5412 neru0·petcns
764 5352 821 5410 quis
839 5349 867 5396 M
969 5358 1111 5399 summouet
1130 5351 1156 5397 M
1259 5352 1291 5400 ii
1311 5353 1423 5400 seruantis
1439 5351 1467 5399 M
1568 5357 1649 5402 seritis
1668 5355 1703 5417 M,
1724 5360 1807 5405 uerbis
1828 5361 1914 5422 tiuupt

293 5437 382 5498 Opere.
405 5438 449 5482 111
466 5437 516 5483 626
620 5437 652 5485 48
671 5450 741 5496 agam
759 5436 835 5483 Boetia
854 5435 924 5482 XXV
940 5438 956 5481 6
973 5451 998 5497 p.
1015 5438 1081 5483 1:³9⁶
1184 5443 1254 5498 porto
1273 5437 1309 5499 M,
1330 5452 1401 5499 posco
1418 5440 1476 5497 legit
1493 5434 1566 5502 Rois,
1588 5454 1685 5500 pascsrn
1703 5443 1779 5491 Bartb

359 5535 482 5570 sxnmcrr
494 5535 634 5570 rnurcrmm
646 5535 709 5569 risu
723 5534 900 5568 nnnrnrmcvn
912 5533 1026 5568 urrunnu
1040 5535 1067 5568 ru
1080 5534 1186 5569 rnvmru
1199 5536 1339 5570 nuusrusm
1351 5537 1492 5574 ovnsronrs
1505 5539 1538 5571 nr
1550 5539 1676 5574 reuersum
1690 5528 1725 5590 M,
1746 5530 1910 5590 Parregprtrus

290 5611 315 5656 iu
335 5609 432 5656 laudem
451 5611 577 5656 Anastasii
595 5611 731 5669 quaestoris
750 5614 776 5656 et
794 5609 903 5666 magistri
923 5608 1045 5669 Dempst„
1066 5608 1247 5671 Protreptieum
1268 5612 1283 5657 i.
1306 5612 1323 5658 l.
1340 5612 1369 5659 Α,
1391 5626 1414 5671 q.
1430 5626 1452 5660 e.
1469 5626 1501 5660 nr.
1523 5612 1590 5669 ure,
1613 5615 1744 5662 Dedimtio
1763 5618 1847 5678 Bekis,
1869 5620 1910 5666 red

290 5698 340 5743 iarn
359 5696 432 5756 Foyp.
452 5694 630 5754 consumendum,
659 5709 710 5742 non
734 5694 842 5741 dedicari
861 5695 992 5740 Anastasio
1015 5694 1087 5741 tibens
1111 5697 1264 5756 insequentes
1281 5701 1343 5743 reete
1362 5699 1479 5744 intellexit
1618 5699 1732 5748 tibrseta
1750 5701 1784 5759 M,
1804 5710 1832 5750 ut
1850 5707 1910 5752 ,eom

289 5779 304 5829 8
323 5782 470 5844 pulcerrima
489 5780 524 5840 M,
543 5786 571 5827 nt
589 5781 648 5828 rotet
753 5779 783 5829 12
802 5782 906 5838 contigit
926 5779 952 5825 M
1058 5779 1087 5828 13
1107 5782 1170 5829 uibit
1189 5781 1215 5826 M
