<?xml version="1.0" encoding="UTF-8"?>
<!DOCTYPE html PUBLIC "-//W3C//DTD XHTML 1.0 Transitional//EN"
    "http://www.w3.org/TR/xhtml1/DTD/xhtml1-transitional.dtd">
<html xmlns="http://www.w3.org/1999/xhtml" xml:lang="en" lang="en">
 <head>
  <title>
</title>
<meta http-equiv="Content-Type" content="text/html;charset=utf-8" />
  <meta name='ocr-system' content='tesseract 3.04.00' />
  <meta name='ocr-capabilities' content='ocr_page ocr_carea ocr_par ocr_line ocrx_word'/>
</head>
<body>
  <div class='ocr_page' id='page_1' title='image "./victorisvitensi00victgoog_0159.png"; bbox 0 0 4440 6276; ppageno 0'>
   <div class='ocr_carea' id='block_1_1' title="bbox 370 389 1298 456">
    <p class='ocr_par' dir='ltr' id='par_1_1' title="bbox 370 389 1298 456">
     <span class='ocr_line' id='line_1_1' title="bbox 370 389 1298 456; baseline -0.002 -11"><span class='ocrx_word' id='word_1_1' title='bbox 370 391 430 456; x_wconf 88' lang='lat' dir='ltr'>LII</span> <span class='ocrx_word' id='word_1_2' title='bbox 1069 389 1298 444; x_wconf 83' lang='lat' dir='ltr'>PROOEMIVM.</span> 
     </span>
    </p>
   </div>
   <div class='ocr_carea' id='block_1_2' title="bbox 371 611 1998 815">
    <p class='ocr_par' dir='ltr' id='par_1_2' title="bbox 371 611 1998 815">
     <span class='ocr_line' id='line_1_2' title="bbox 457 611 1998 696; baseline -0.001 -20"><span class='ocrx_word' id='word_1_3' title='bbox 457 618 485 696; x_wconf 75' lang='lat'>4}</span> <span class='ocrx_word' id='word_1_4' title='bbox 515 614 570 677; x_wconf 89' lang='lat' dir='ltr'>lcl.</span> <span class='ocrx_word' id='word_1_5' title='bbox 598 616 752 675; x_wconf 56' lang='lat' dir='ltr'>titt-51¹⁵</span> <span class='ocrx_word' id='word_1_6' title='bbox 773 614 961 696; x_wconf 71' lang='lat' dir='ltr'>panegyrici</span> <span class='ocrx_word' id='word_1_7' title='bbox 984 613 1085 696; x_wconf 86' lang='lat' dir='ltr'>ipsius</span> <span class='ocrx_word' id='word_1_8' title='bbox 1108 613 1180 676; x_wconf 82' lang='lat' dir='ltr'>libri</span> <span class='ocrx_word' id='word_1_9' title='bbox 1204 620 1362 695; x_wconf 88' lang='lat' dir='ltr'>quattuor.</span> <span class='ocrx_word' id='word_1_10' title='bbox 1408 614 1496 677; x_wconf 89' lang='lat' dir='ltr'>Inter</span> <span class='ocrx_word' id='word_1_11' title='bbox 1518 612 1628 677; x_wconf 84' lang='lat' dir='ltr'>folium</span> <span class='ocrx_word' id='word_1_12' title='bbox 1652 611 1838 677; x_wconf 85' lang='lat' dir='ltr'>vicesimum</span> <span class='ocrx_word' id='word_1_13' title='bbox 1861 612 1998 694; x_wconf 88' lang='lat' dir='ltr'>primum</span> 
     </span>
     <span class='ocr_line' id='line_1_3' title="bbox 371 705 1998 815; baseline -0.003 -15"><span class='ocrx_word' id='word_1_14' title='bbox 371 742 404 800; x_wconf 90' lang='lat' dir='ltr'>et</span> <span class='ocrx_word' id='word_1_15' title='bbox 425 705 611 799; x_wconf 80' lang='lat' dir='ltr'>vicesimum</span> <span class='ocrx_word' id='word_1_16' title='bbox 635 734 770 798; x_wconf 90' lang='lat' dir='ltr'>alterum</span> <span class='ocrx_word' id='word_1_17' title='bbox 799 734 890 814; x_wconf 60' lang='lat'><strong>2127]</strong></span> <span class='ocrx_word' id='word_1_18' title='bbox 919 732 1037 797; x_wconf 87' lang='lat' dir='ltr'>codicis</span> <span class='ocrx_word' id='word_1_19' title='bbox 1061 733 1172 798; x_wconf 83' lang='lat' dir='ltr'>folium</span> <span class='ocrx_word' id='word_1_20' title='bbox 1196 753 1293 798; x_wconf 92' lang='lat' dir='ltr'>unum</span> <span class='ocrx_word' id='word_1_21' title='bbox 1317 732 1488 814; x_wconf 69' lang='lat' dir='ltr'>intercidit,</span> <span class='ocrx_word' id='word_1_22' title='bbox 1515 733 1600 815; x_wconf 92' lang='lat' dir='ltr'>quod</span> <span class='ocrx_word' id='word_1_23' title='bbox 1623 752 1735 797; x_wconf 88' lang='lat' dir='ltr'>versus</span> <span class='ocrx_word' id='word_1_24' title='bbox 1757 733 1883 798; x_wconf 89' lang='lat' dir='ltr'>circiter·</span> <span class='ocrx_word' id='word_1_25' title='bbox 1904 732 1998 815; x_wconf 90' lang='lat' dir='ltr'>quin·</span> 
     </span>
    </p>
   </div>
   <div class='ocr_carea' id='block_1_3' title="bbox 371 849 1997 937">
    <p class='ocr_par' dir='ltr' id='par_1_3' title="bbox 371 849 1997 937">
     <span class='ocr_line' id='line_1_4' title="bbox 371 849 1997 937; baseline -0.004 -18"><span class='ocrx_word' id='word_1_26' title='bbox 371 855 525 937; x_wconf 81' lang='lat' dir='ltr'>quaginta</span> <span class='ocrx_word' id='word_1_27' title='bbox 555 861 704 935; x_wconf 89' lang='lat' dir='ltr'>quattuor</span> <span class='ocrx_word' id='word_1_28' title='bbox 732 853 927 918; x_wconf 83' lang='lat' dir='ltr'>continuisse</span> <span class='ocrx_word' id='word_1_29' title='bbox 950 853 1085 918; x_wconf 89' lang='lat' dir='ltr'>videtur.</span> <span class='ocrx_word' id='word_1_30' title='bbox 1133 853 1219 937; x_wconf 87' lang='lat' dir='ltr'>Inter·</span> <span class='ocrx_word' id='word_1_31' title='bbox 1241 871 1354 918; x_wconf 87' lang='lat' dir='ltr'>versus</span> <span class='ocrx_word' id='word_1_32' title='bbox 1376 853 1420 918; x_wconf 96' lang='lat' dir='ltr'>lV</span> <span class='ocrx_word' id='word_1_33' title='bbox 1447 856 1505 916; x_wconf 78' lang='lat'>172</span> <span class='ocrx_word' id='word_1_34' title='bbox 1529 860 1562 917; x_wconf 89' lang='lat' dir='ltr'>et</span> <span class='ocrx_word' id='word_1_35' title='bbox 1588 857 1622 915; x_wconf 83' lang='grc'>17</span> <span class='ocrx_word' id='word_1_36' title='bbox 1628 857 1646 914; x_wconf 79' lang='lat'><strong>3</strong></span> <span class='ocrx_word' id='word_1_37' title='bbox 1669 853 1790 917; x_wconf 86' lang='lat' dir='ltr'>librarii</span> <span class='ocrx_word' id='word_1_38' title='bbox 1813 874 1834 917; x_wconf 89' lang='lat' dir='ltr'>a</span> <span class='ocrx_word' id='word_1_39' title='bbox 1856 852 1924 917; x_wconf 89' lang='lat' dir='ltr'>folii</span> <span class='ocrx_word' id='word_1_40' title='bbox 1947 849 1997 914; x_wconf 78' lang='lat' dir='ltr'>lli</span> 
     </span>
    </p>
   </div>
   <div class='ocr_carea' id='block_1_4' title="bbox 323 972 2016 5108">
    <p class='ocr_par' dir='ltr' id='par_1_4' title="bbox 371 972 1998 1418">
     <span class='ocr_line' id='line_1_5' title="bbox 371 972 1994 1059; baseline -0.002 -19"><span class='ocrx_word' id='word_1_41' title='bbox 371 974 491 1059; x_wconf 81' lang='lat' dir='ltr'>pagina</span> <span class='ocrx_word' id='word_1_42' title='bbox 519 973 622 1057; x_wconf 88' lang='lat' dir='ltr'>priore</span> <span class='ocrx_word' id='word_1_43' title='bbox 651 972 693 1036; x_wconf 89' lang='lat' dir='ltr'>ad</span> <span class='ocrx_word' id='word_1_44' title='bbox 721 973 926 1056; x_wconf 82' lang='lat' dir='ltr'>posteriorem</span> <span class='ocrx_word' id='word_1_45' title='bbox 957 972 1191 1037; x_wconf 87' lang='lat' dir='ltr'>transcedentis</span> <span class='ocrx_word' id='word_1_46' title='bbox 1213 973 1420 1056; x_wconf 82' lang='lat' dir='ltr'>neglegentia</span> <span class='ocrx_word' id='word_1_47' title='bbox 1442 991 1553 1036; x_wconf 89' lang='lat' dir='ltr'>versus</span> <span class='ocrx_word' id='word_1_48' title='bbox 1576 973 1756 1056; x_wconf 89' lang='lat' dir='ltr'>complures</span> <span class='ocrx_word' id='word_1_49' title='bbox 1778 972 1888 1038; x_wconf 90' lang='lat' dir='ltr'>omissi</span> <span class='ocrx_word' id='word_1_50' title='bbox 1911 980 1994 1038; x_wconf 88' lang='lat' dir='ltr'>sunt.</span> 
     </span>
     <span class='ocr_line' id='line_1_6' title="bbox 372 1092 1998 1177; baseline -0.001 -19"><span class='ocrx_word' id='word_1_51' title='bbox 372 1095 511 1158; x_wconf 78' lang='lat' dir='ltr'>lacunis</span> <span class='ocrx_word' id='word_1_52' title='bbox 534 1092 665 1174; x_wconf 88' lang='lat' dir='ltr'>ceteris,</span> <span class='ocrx_word' id='word_1_53' title='bbox 699 1113 782 1174; x_wconf 89' lang='lat' dir='ltr'>quae</span> <span class='ocrx_word' id='word_1_54' title='bbox 812 1093 845 1156; x_wconf 92' lang='lat' dir='ltr'>in</span> <span class='ocrx_word' id='word_1_55' title='bbox 875 1093 937 1157; x_wconf 88' lang='lat' dir='ltr'>tine</span> <span class='ocrx_word' id='word_1_56' title='bbox 966 1092 1040 1157; x_wconf 90' lang='lat' dir='ltr'>libri</span> <span class='ocrx_word' id='word_1_57' title='bbox 1063 1093 1167 1175; x_wconf 90' lang='lat' dir='ltr'>quarti</span> <span class='ocrx_word' id='word_1_58' title='bbox 1191 1112 1304 1157; x_wconf 90' lang='lat' dir='ltr'>versus</span> <span class='ocrx_word' id='word_1_59' title='bbox 1327 1092 1413 1157; x_wconf 91' lang='lat' dir='ltr'>baud</span> <span class='ocrx_word' id='word_1_60' title='bbox 1437 1113 1571 1177; x_wconf 82' lang='lat' dir='ltr'>paucos,</span> <span class='ocrx_word' id='word_1_61' title='bbox 1604 1093 1639 1157; x_wconf 93' lang='lat' dir='ltr'>in</span> <span class='ocrx_word' id='word_1_62' title='bbox 1668 1092 1774 1158; x_wconf 90' lang='lat' dir='ltr'>medic</span> <span class='ocrx_word' id='word_1_63' title='bbox 1804 1093 1998 1177; x_wconf 84' lang='lat' dir='ltr'>panegyrico</span> 
     </span>
     <span class='ocr_line' id='line_1_7' title="bbox 372 1212 1998 1296; baseline -0.001 -19"><span class='ocrx_word' id='word_1_64' title='bbox 372 1214 467 1278; x_wconf 92' lang='lat' dir='ltr'>modo</span> <span class='ocrx_word' id='word_1_65' title='bbox 490 1214 588 1278; x_wconf 91' lang='lat' dir='ltr'>verba</span> <span class='ocrx_word' id='word_1_66' title='bbox 611 1213 756 1296; x_wconf 84' lang='lat' dir='ltr'>singula,</span> <span class='ocrx_word' id='word_1_67' title='bbox 791 1212 885 1278; x_wconf 91' lang='lat' dir='ltr'>modo</span> <span class='ocrx_word' id='word_1_68' title='bbox 907 1232 1019 1278; x_wconf 90' lang='lat' dir='ltr'>vorsus</span> <span class='ocrx_word' id='word_1_69' title='bbox 1042 1212 1191 1277; x_wconf 91' lang='lat' dir='ltr'>dimidios</span> <span class='ocrx_word' id='word_1_70' title='bbox 1214 1213 1404 1294; x_wconf 88' lang='lat' dir='ltr'>hauserunt,</span> <span class='ocrx_word' id='word_1_71' title='bbox 1438 1220 1560 1278; x_wconf 89' lang='lat' dir='ltr'>tantum</span> <span class='ocrx_word' id='word_1_72' title='bbox 1588 1233 1649 1278; x_wconf 93' lang='lat' dir='ltr'>non</span> <span class='ocrx_word' id='word_1_73' title='bbox 1680 1212 1827 1277; x_wconf 90' lang='lat' dir='ltr'>omnibus</span> <span class='ocrx_word' id='word_1_74' title='bbox 1856 1213 1920 1278; x_wconf 91' lang='lat' dir='ltr'>iam</span> <span class='ocrx_word' id='word_1_75' title='bbox 1944 1234 1998 1277; x_wconf 87' lang='lat' dir='ltr'>eo·</span> 
     </span>
     <span class='ocr_line' id='line_1_8' title="bbox 375 1332 1862 1418; baseline -0.001 -20"><span class='ocrx_word' id='word_1_76' title='bbox 375 1334 479 1399; x_wconf 88' lang='lat' dir='ltr'>dicem</span> <span class='ocrx_word' id='word_1_77' title='bbox 503 1333 725 1416; x_wconf 85' lang='lat' dir='ltr'>antiquiorem,</span> <span class='ocrx_word' id='word_1_78' title='bbox 752 1353 855 1415; x_wconf 89' lang='lat' dir='ltr'>equo</span> <span class='ocrx_word' id='word_1_79' title='bbox 877 1334 1073 1399; x_wconf 88' lang='lat' dir='ltr'>Matritensis</span> <span class='ocrx_word' id='word_1_80' title='bbox 1096 1333 1275 1418; x_wconf 88' lang='lat' dir='ltr'>descriptus</span> <span class='ocrx_word' id='word_1_81' title='bbox 1297 1341 1357 1416; x_wconf 89' lang='lat' dir='ltr'>est,</span> <span class='ocrx_word' id='word_1_82' title='bbox 1384 1332 1581 1399; x_wconf 89' lang='lat' dir='ltr'>deminutum</span> <span class='ocrx_word' id='word_1_83' title='bbox 1605 1333 1706 1398; x_wconf 86' lang='lat' dir='ltr'>luisse</span> <span class='ocrx_word' id='word_1_84' title='bbox 1729 1340 1862 1399; x_wconf 90' lang='lat' dir='ltr'>constat.</span> 
     </span>
    </p>

    <p class='ocr_par' dir='ltr' id='par_1_5' title="bbox 323 1452 1999 2378">
     <span class='ocr_line' id='line_1_9' title="bbox 459 1452 1996 1538; baseline 0.003 -21"><span class='ocrx_word' id='word_1_85' title='bbox 459 1454 555 1519; x_wconf 86' lang='lat' dir='ltr'>Liber</span> <span class='ocrx_word' id='word_1_86' title='bbox 585 1452 779 1518; x_wconf 86' lang='lat' dir='ltr'>Matritensis</span> <span class='ocrx_word' id='word_1_87' title='bbox 809 1453 924 1518; x_wconf 87' lang='lat' dir='ltr'>litteris</span> <span class='ocrx_word' id='word_1_88' title='bbox 955 1453 1160 1537; x_wconf 89' lang='lat' dir='ltr'>Visigothiois</span> <span class='ocrx_word' id='word_1_89' title='bbox 1189 1453 1411 1538; x_wconf 84' lang='lat' dir='ltr'>pulcherrimis</span> <span class='ocrx_word' id='word_1_90' title='bbox 1440 1460 1569 1536; x_wconf 88' lang='lat' dir='ltr'>tamque</span> <span class='ocrx_word' id='word_1_91' title='bbox 1598 1454 1777 1538; x_wconf 86' lang='lat' dir='ltr'>perspicuis</span> <span class='ocrx_word' id='word_1_92' title='bbox 1805 1454 1909 1538; x_wconf 87' lang='lat' dir='ltr'>pictus</span> <span class='ocrx_word' id='word_1_93' title='bbox 1937 1462 1996 1522; x_wconf 84' lang='lat' dir='ltr'>est.</span> 
     </span>
     <span class='ocr_line' id='line_1_10' title="bbox 372 1572 1999 1659; baseline 0 -21"><span class='ocrx_word' id='word_1_94' title='bbox 372 1582 415 1651; x_wconf 88' lang='lat' dir='ltr'>ut,</span> <span class='ocrx_word' id='word_1_95' title='bbox 442 1573 519 1656; x_wconf 92' lang='lat' dir='ltr'>quid</span> <span class='ocrx_word' id='word_1_96' title='bbox 542 1573 692 1638; x_wconf 89' lang='lat' dir='ltr'>librarius</span> <span class='ocrx_word' id='word_1_97' title='bbox 715 1572 888 1656; x_wconf 89' lang='lat' dir='ltr'>scripserit,</span> <span class='ocrx_word' id='word_1_98' title='bbox 915 1573 1055 1639; x_wconf 87' lang='lat' dir='ltr'>dubitari</span> <span class='ocrx_word' id='word_1_99' title='bbox 1077 1593 1233 1656; x_wconf 85' lang='lat' dir='ltr'>nusquam</span> <span class='ocrx_word' id='word_1_100' title='bbox 1257 1574 1359 1659; x_wconf 89' lang='lat' dir='ltr'>possit</span> <span class='ocrx_word' id='word_1_101' title='bbox 1381 1573 1443 1638; x_wconf 87' lang='lat' dir='ltr'>nisi</span> <span class='ocrx_word' id='word_1_102' title='bbox 1466 1574 1545 1638; x_wconf 89' lang='lat' dir='ltr'>locis</span> <span class='ocrx_word' id='word_1_103' title='bbox 1566 1573 1618 1655; x_wconf 91' lang='lat' dir='ltr'>iis,</span> <span class='ocrx_word' id='word_1_104' title='bbox 1649 1574 1703 1655; x_wconf 91' lang='lat' dir='ltr'>qui</span> <span class='ocrx_word' id='word_1_105' title='bbox 1725 1575 1768 1638; x_wconf 91' lang='lat' dir='ltr'>ab</span> <span class='ocrx_word' id='word_1_106' title='bbox 1791 1572 1865 1637; x_wconf 90' lang='lat' dir='ltr'>aliis</span> <span class='ocrx_word' id='word_1_107' title='bbox 1888 1581 1999 1657; x_wconf 89' lang='lat' dir='ltr'>postea</span> 
     </span>
     <span class='ocr_line' id='line_1_11' title="bbox 371 1693 1999 1776; baseline 0.001 -18"><span class='ocrx_word' id='word_1_108' title='bbox 371 1693 529 1758; x_wconf 89' lang='lat' dir='ltr'>immutati</span> <span class='ocrx_word' id='word_1_109' title='bbox 552 1701 635 1759; x_wconf 86' lang='lat' dir='ltr'>sunt.</span> <span class='ocrx_word' id='word_1_110' title='bbox 684 1694 799 1758; x_wconf 91' lang='lat' dir='ltr'>Manus</span> <span class='ocrx_word' id='word_1_111' title='bbox 821 1693 906 1757; x_wconf 88' lang='lat' dir='ltr'>enim</span> <span class='ocrx_word' id='word_1_112' title='bbox 930 1694 1122 1759; x_wconf 86' lang='lat' dir='ltr'>recentiores</span> <span class='ocrx_word' id='word_1_113' title='bbox 1145 1701 1209 1759; x_wconf 89' lang='lat' dir='ltr'>tres</span> <span class='ocrx_word' id='word_1_114' title='bbox 1232 1694 1265 1758; x_wconf 94' lang='lat' dir='ltr'>in</span> <span class='ocrx_word' id='word_1_115' title='bbox 1288 1693 1396 1759; x_wconf 89' lang='lat' dir='ltr'>codice</span> <span class='ocrx_word' id='word_1_116' title='bbox 1418 1693 1639 1774; x_wconf 89' lang='lat' dir='ltr'>inveniuntur,</span> <span class='ocrx_word' id='word_1_117' title='bbox 1671 1713 1754 1776; x_wconf 90' lang='lat' dir='ltr'>quae</span> <span class='ocrx_word' id='word_1_118' title='bbox 1785 1693 1937 1758; x_wconf 83' lang='lat' dir='ltr'>facillime</span> <span class='ocrx_word' id='word_1_119' title='bbox 1967 1701 1999 1759; x_wconf 90' lang='lat' dir='ltr'>et</span> 
     </span>
     <span class='ocr_line' id='line_1_12' title="bbox 372 1806 1998 1897; baseline 0.001 -19"><span class='ocrx_word' id='word_1_120' title='bbox 372 1812 455 1878; x_wconf 92' lang='lat' dir='ltr'>inter</span> <span class='ocrx_word' id='word_1_121' title='bbox 477 1834 512 1879; x_wconf 89' lang='lat' dir='ltr'>se</span> <span class='ocrx_word' id='word_1_122' title='bbox 534 1820 567 1878; x_wconf 91' lang='lat' dir='ltr'>et</span> <span class='ocrx_word' id='word_1_123' title='bbox 588 1835 608 1877; x_wconf 90' lang='lat' dir='ltr'>a</span> <span class='ocrx_word' id='word_1_124' title='bbox 629 1806 734 1897; x_wconf 86' lang='lat' dir='ltr'>prima</span> <span class='ocrx_word' id='word_1_125' title='bbox 756 1833 852 1878; x_wconf 91' lang='lat' dir='ltr'>manu</span> <span class='ocrx_word' id='word_1_126' title='bbox 875 1813 1108 1880; x_wconf 91' lang='lat' dir='ltr'>discernuntur.</span> <span class='ocrx_word' id='word_1_127' title='bbox 1157 1815 1203 1879; x_wconf 89' lang='lat' dir='ltr'>Ac</span> <span class='ocrx_word' id='word_1_128' title='bbox 1226 1814 1267 1879; x_wconf 86' lang='lat' dir='ltr'>de</span> <span class='ocrx_word' id='word_1_129' title='bbox 1289 1813 1384 1879; x_wconf 89' lang='lat' dir='ltr'>tertia</span> <span class='ocrx_word' id='word_1_130' title='bbox 1405 1813 1535 1897; x_wconf 91' lang='lat' dir='ltr'>quidem</span> <span class='ocrx_word' id='word_1_131' title='bbox 1558 1821 1590 1879; x_wconf 88' lang='lat' dir='ltr'>et</span> <span class='ocrx_word' id='word_1_132' title='bbox 1615 1821 1743 1895; x_wconf 89' lang='lat' dir='ltr'>quarta,</span> <span class='ocrx_word' id='word_1_133' title='bbox 1778 1813 1893 1896; x_wconf 90' lang='lat' dir='ltr'>quibus</span> <span class='ocrx_word' id='word_1_134' title='bbox 1923 1835 1998 1879; x_wconf 86' lang='lat' dir='ltr'>ecn-</span> 
     </span>
     <span class='ocr_line' id='line_1_13' title="bbox 373 1933 1999 2018; baseline 0.001 -21"><span class='ocrx_word' id='word_1_135' title='bbox 373 1934 512 1999; x_wconf 87' lang='lat' dir='ltr'>ieeturae</span> <span class='ocrx_word' id='word_1_136' title='bbox 535 1933 648 2018; x_wconf 90' lang='lat' dir='ltr'>paucis</span> <span class='ocrx_word' id='word_1_137' title='bbox 670 1933 788 1998; x_wconf 89' lang='lat' dir='ltr'>codicis</span> <span class='ocrx_word' id='word_1_138' title='bbox 810 1934 889 1999; x_wconf 87' lang='lat' dir='ltr'>loeis</span> <span class='ocrx_word' id='word_1_139' title='bbox 911 1934 1042 2000; x_wconf 90' lang='lat' dir='ltr'>additae</span> <span class='ocrx_word' id='word_1_140' title='bbox 1066 1941 1155 2015; x_wconf 90' lang='lat' dir='ltr'>sunt,</span> <span class='ocrx_word' id='word_1_141' title='bbox 1187 1935 1287 1999; x_wconf 86' lang='lat' dir='ltr'>verba</span> <span class='ocrx_word' id='word_1_142' title='bbox 1309 1934 1415 1998; x_wconf 84' lang='lat' dir='ltr'>lacere</span> <span class='ocrx_word' id='word_1_143' title='bbox 1438 1933 1524 1998; x_wconf 91' lang='lat' dir='ltr'>baud</span> <span class='ocrx_word' id='word_1_144' title='bbox 1547 1953 1662 2017; x_wconf 89' lang='lat' dir='ltr'>operae</span> <span class='ocrx_word' id='word_1_145' title='bbox 1684 1935 1819 2017; x_wconf 89' lang='lat' dir='ltr'>pretium</span> <span class='ocrx_word' id='word_1_146' title='bbox 1843 1942 1902 1999; x_wconf 89' lang='lat' dir='ltr'>est.</span> <span class='ocrx_word' id='word_1_147' title='bbox 1950 1936 1999 1999; x_wconf 91' lang='lat' dir='ltr'>Dc</span> 
     </span>
     <span class='ocr_line' id='line_1_14' title="bbox 373 2053 1994 2140; baseline 0.001 -21"><span class='ocrx_word' id='word_1_148' title='bbox 373 2056 531 2136; x_wconf 89' lang='lat' dir='ltr'>secunda,</span> <span class='ocrx_word' id='word_1_149' title='bbox 568 2074 650 2138; x_wconf 89' lang='lat' dir='ltr'>qnae</span> <span class='ocrx_word' id='word_1_150' title='bbox 679 2053 850 2119; x_wconf 83' lang='lat' dir='ltr'>violentius</span> <span class='ocrx_word' id='word_1_151' title='bbox 879 2062 1026 2137; x_wconf 87' lang='lat' dir='ltr'>grassata</span> <span class='ocrx_word' id='word_1_152' title='bbox 1056 2054 1246 2140; x_wconf 89' lang='lat' dir='ltr'>saepissime</span> <span class='ocrx_word' id='word_1_153' title='bbox 1276 2074 1331 2132; x_wconf 86' lang='lat' dir='ltr'>ea,</span> <span class='ocrx_word' id='word_1_154' title='bbox 1368 2074 1452 2136; x_wconf 88' lang='lat' dir='ltr'>quae</span> <span class='ocrx_word' id='word_1_155' title='bbox 1485 2053 1588 2138; x_wconf 88' lang='lat' dir='ltr'>prima</span> <span class='ocrx_word' id='word_1_156' title='bbox 1621 2075 1717 2119; x_wconf 89' lang='lat' dir='ltr'>manu</span> <span class='ocrx_word' id='word_1_157' title='bbox 1747 2055 1866 2138; x_wconf 86' lang='lat' dir='ltr'>scripta</span> <span class='ocrx_word' id='word_1_158' title='bbox 1894 2063 1994 2134; x_wconf 89' lang='lat' dir='ltr'>erant,</span> 
     </span>
     <span class='ocr_line' id='line_1_15' title="bbox 323 2173 1999 2258; baseline 0.001 -20"><span class='ocrx_word' id='word_1_159' title='bbox 323 2245 325 2250; x_wconf 57' lang='grc'>,</span> <span class='ocrx_word' id='word_1_160' title='bbox 371 2173 465 2239; x_wconf 89' lang='lat' dir='ltr'>modo</span> <span class='ocrx_word' id='word_1_161' title='bbox 487 2173 594 2239; x_wconf 89' lang='lat' dir='ltr'>verbis</span> <span class='ocrx_word' id='word_1_162' title='bbox 616 2173 735 2239; x_wconf 88' lang='lat' dir='ltr'>additis</span> <span class='ocrx_word' id='word_1_163' title='bbox 758 2173 938 2257; x_wconf 88' lang='lat' dir='ltr'>complevit,</span> <span class='ocrx_word' id='word_1_164' title='bbox 964 2175 1057 2240; x_wconf 90' lang='lat' dir='ltr'>modo</span> <span class='ocrx_word' id='word_1_165' title='bbox 1080 2175 1274 2254; x_wconf 85' lang='lat' dir='ltr'>immutavit,</span> <span class='ocrx_word' id='word_1_166' title='bbox 1300 2173 1394 2239; x_wconf 92' lang='lat' dir='ltr'>modo</span> <span class='ocrx_word' id='word_1_167' title='bbox 1417 2173 1515 2239; x_wconf 91' lang='lat' dir='ltr'>erasit</span> <span class='ocrx_word' id='word_1_168' title='bbox 1537 2192 1694 2257; x_wconf 88' lang='lat' dir='ltr'>erasaque</span> <span class='ocrx_word' id='word_1_169' title='bbox 1716 2175 1895 2258; x_wconf 85' lang='lat' dir='ltr'>rescripsit,</span> <span class='ocrx_word' id='word_1_170' title='bbox 1921 2175 1999 2258; x_wconf 89' lang='lat' dir='ltr'>quid</span> 
     </span>
     <span class='ocr_line' id='line_1_16' title="bbox 370 2266 877 2378; baseline -0.002 -19"><span class='ocrx_word' id='word_1_171' title='bbox 370 2293 521 2376; x_wconf 89' lang='lat' dir='ltr'>iudicem,</span> <span class='ocrx_word' id='word_1_172' title='bbox 546 2294 686 2360; x_wconf 85' lang='lat' dir='ltr'>breviter</span> <span class='ocrx_word' id='word_1_173' title='bbox 708 2266 877 2378; x_wconf 83' lang='lat' dir='ltr'>exponam.</span> 
     </span>
    </p>

    <p class='ocr_par' dir='ltr' id='par_1_6' title="bbox 371 2413 2000 2978">
     <span class='ocr_line' id='line_1_17' title="bbox 459 2413 2000 2498; baseline 0.001 -20"><span class='ocrx_word' id='word_1_174' title='bbox 459 2414 552 2480; x_wconf 88' lang='lat' dir='ltr'>Locis</span> <span class='ocrx_word' id='word_1_175' title='bbox 575 2414 755 2498; x_wconf 89' lang='lat' dir='ltr'>plerisque,</span> <span class='ocrx_word' id='word_1_176' title='bbox 788 2433 867 2498; x_wconf 90' lang='lat' dir='ltr'>quos</span> <span class='ocrx_word' id='word_1_177' title='bbox 890 2414 1012 2497; x_wconf 86' lang='lat' dir='ltr'>tetigit,</span> <span class='ocrx_word' id='word_1_178' title='bbox 1047 2414 1219 2481; x_wconf 90' lang='lat' dir='ltr'>secundam</span> <span class='ocrx_word' id='word_1_179' title='bbox 1242 2435 1371 2480; x_wconf 90' lang='lat' dir='ltr'>manum</span> <span class='ocrx_word' id='word_1_180' title='bbox 1394 2435 1503 2480; x_wconf 87' lang='lat' dir='ltr'>verum</span> <span class='ocrx_word' id='word_1_181' title='bbox 1526 2415 1697 2480; x_wconf 86' lang='lat' dir='ltr'>medellam</span> <span class='ocrx_word' id='word_1_182' title='bbox 1728 2413 1875 2479; x_wconf 85' lang='lat' dir='ltr'>attulisse</span> <span class='ocrx_word' id='word_1_183' title='bbox 1902 2415 2000 2480; x_wconf 88' lang='lat' dir='ltr'>vesti-</span> 
     </span>
     <span class='ocr_line' id='line_1_18' title="bbox 373 2534 1996 2620; baseline 0.001 -21"><span class='ocrx_word' id='word_1_184' title='bbox 373 2535 437 2619; x_wconf 91' lang='lat' dir='ltr'>giis</span> <span class='ocrx_word' id='word_1_185' title='bbox 461 2534 530 2599; x_wconf 86' lang='lat' dir='ltr'>eius</span> <span class='ocrx_word' id='word_1_186' title='bbox 552 2534 754 2620; x_wconf 80' lang='lat' dir='ltr'>perlustratis</span> <span class='ocrx_word' id='word_1_187' title='bbox 776 2554 869 2599; x_wconf 90' lang='lat' dir='ltr'>nemo</span> <span class='ocrx_word' id='word_1_188' title='bbox 890 2534 1088 2601; x_wconf 84' lang='lat' dir='ltr'>infitiabitm.</span> <span class='ocrx_word' id='word_1_189' title='bbox 1136 2535 1276 2613; x_wconf 81' lang='lat' dir='ltr'>Quarum</span> <span class='ocrx_word' id='word_1_190' title='bbox 1306 2534 1564 2600; x_wconf 82' lang='lat' dir='ltr'>emendationum</span> <span class='ocrx_word' id='word_1_191' title='bbox 1594 2536 1628 2599; x_wconf 91' lang='lat' dir='ltr'>in</span> <span class='ocrx_word' id='word_1_192' title='bbox 1651 2555 1782 2599; x_wconf 89' lang='lat' dir='ltr'>numero</span> <span class='ocrx_word' id='word_1_193' title='bbox 1805 2555 1996 2619; x_wconf 90' lang='lat' dir='ltr'>quamquam</span> 
     </span>
     <span class='ocr_line' id='line_1_19' title="bbox 371 2654 1994 2739; baseline -0.001 -19"><span class='ocrx_word' id='word_1_194' title='bbox 371 2654 549 2738; x_wconf 91' lang='lat' dir='ltr'>permultae</span> <span class='ocrx_word' id='word_1_195' title='bbox 579 2654 703 2735; x_wconf 87' lang='lat' dir='ltr'>insunt,</span> <span class='ocrx_word' id='word_1_196' title='bbox 736 2674 816 2736; x_wconf 88' lang='lat' dir='ltr'>quas</span> <span class='ocrx_word' id='word_1_197' title='bbox 843 2654 974 2738; x_wconf 90' lang='lat' dir='ltr'>linguae</span> <span class='ocrx_word' id='word_1_198' title='bbox 997 2654 1131 2720; x_wconf 90' lang='lat' dir='ltr'>Latinae</span> <span class='ocrx_word' id='word_1_199' title='bbox 1153 2676 1273 2738; x_wconf 85' lang='lat' dir='ltr'>gnarus</span> <span class='ocrx_word' id='word_1_200' title='bbox 1296 2656 1401 2738; x_wconf 88' lang='lat' dir='ltr'>quivis</span> <span class='ocrx_word' id='word_1_201' title='bbox 1424 2656 1606 2738; x_wconf 83' lang='lat' dir='ltr'>excogitare</span> <span class='ocrx_word' id='word_1_202' title='bbox 1628 2655 1747 2739; x_wconf 91' lang='lat' dir='ltr'>potuit,</span> <span class='ocrx_word' id='word_1_203' title='bbox 1781 2662 1854 2720; x_wconf 88' lang='lat' dir='ltr'>sunt</span> <span class='ocrx_word' id='word_1_204' title='bbox 1875 2662 1994 2736; x_wconf 87' lang='lat' dir='ltr'>tamen,</span> 
     </span>
     <span class='ocr_line' id='line_1_20' title="bbox 372 2773 1995 2859; baseline 0 -21"><span class='ocrx_word' id='word_1_205' title='bbox 372 2792 452 2856; x_wconf 87' lang='lat' dir='ltr'>quas</span> <span class='ocrx_word' id='word_1_206' title='bbox 480 2794 520 2840; x_wconf 90' lang='lat' dir='ltr'>ne</span> <span class='ocrx_word' id='word_1_207' title='bbox 551 2774 661 2858; x_wconf 88' lang='lat' dir='ltr'>sagaci</span> <span class='ocrx_word' id='word_1_208' title='bbox 687 2774 816 2857; x_wconf 90' lang='lat' dir='ltr'>quidem</span> <span class='ocrx_word' id='word_1_209' title='bbox 838 2773 968 2857; x_wconf 91' lang='lat' dir='ltr'>ingenio</span> <span class='ocrx_word' id='word_1_210' title='bbox 990 2774 1155 2859; x_wconf 89' lang='lat' dir='ltr'>praeditus</span> <span class='ocrx_word' id='word_1_211' title='bbox 1178 2774 1312 2840; x_wconf 87' lang='lat' dir='ltr'>clericus</span> <span class='ocrx_word' id='word_1_212' title='bbox 1335 2775 1551 2840; x_wconf 84' lang='lat' dir='ltr'>monachusve</span> <span class='ocrx_word' id='word_1_213' title='bbox 1574 2776 1660 2841; x_wconf 93' lang='lat' dir='ltr'>ullus</span> <span class='ocrx_word' id='word_1_214' title='bbox 1682 2776 1825 2841; x_wconf 90' lang='lat' dir='ltr'>invenire</span> <span class='ocrx_word' id='word_1_215' title='bbox 1847 2776 1995 2840; x_wconf 89' lang='lat' dir='ltr'>valuerit.</span> 
     </span>
     <span class='ocr_line' id='line_1_21' title="bbox 371 2894 860 2978; baseline -0.01 -21"><span class='ocrx_word' id='word_1_216' title='bbox 371 2894 529 2978; x_wconf 79' lang='lat' dir='ltr'>Exempla</span> <span class='ocrx_word' id='word_1_217' title='bbox 550 2915 655 2977; x_wconf 89' lang='lat' dir='ltr'>pauca</span> <span class='ocrx_word' id='word_1_218' title='bbox 676 2894 776 2978; x_wconf 89' lang='lat' dir='ltr'>eligo:</span> <span class='ocrx_word' id='word_1_219' title='bbox 859 2948 860 2952; x_wconf 75' lang='grc'>,</span> 
     </span>
    </p>

    <p class='ocr_par' dir='ltr' id='par_1_7' title="bbox 527 3020 1589 4009">
     <span class='ocr_line' id='line_1_22' title="bbox 707 3020 1524 3081; baseline 0 -3"><span class='ocrx_word' id='word_1_220' title='bbox 707 3020 722 3078; x_wconf 82' lang='lat' dir='ltr'>l</span> <span class='ocrx_word' id='word_1_221' title='bbox 748 3037 789 3079; x_wconf 83' lang='lat' dir='ltr'>m.</span> <span class='ocrx_word' id='word_1_222' title='bbox 1440 3021 1462 3081; x_wconf 75' lang='lat'><em>2</em></span> <span class='ocrx_word' id='word_1_223' title='bbox 1485 3037 1524 3078; x_wconf 85' lang='lat' dir='ltr'>m.</span> 
     </span>
     <span class='ocr_line' id='line_1_23' title="bbox 544 3117 1537 3184; baseline 0.003 -3"><span class='ocrx_word' id='word_1_224' title='bbox 544 3118 577 3181; x_wconf 95' lang='lat' dir='ltr'>Il</span> <span class='ocrx_word' id='word_1_225' title='bbox 602 3121 662 3183; x_wconf 88' lang='grc'>136</span> <span class='ocrx_word' id='word_1_226' title='bbox 684 3117 820 3183; x_wconf 92' lang='lat' dir='ltr'>andiunt</span> <span class='ocrx_word' id='word_1_227' title='bbox 1379 3118 1483 3183; x_wconf 89' lang='lat' dir='ltr'>audiit</span> <span class='ocrx_word' id='word_1_228' title='bbox 1505 3125 1537 3184; x_wconf 90' lang='lat' dir='ltr'>et</span> 
     </span>
     <span class='ocr_line' id='line_1_24' title="bbox 601 3221 1538 3305; baseline 0.001 -20"><span class='ocrx_word' id='word_1_229' title='bbox 601 3223 662 3285; x_wconf 83' lang='lat'>382</span> <span class='ocrx_word' id='word_1_230' title='bbox 686 3228 777 3305; x_wconf 90' lang='lat' dir='ltr'>pater</span> <span class='ocrx_word' id='word_1_231' title='bbox 798 3221 848 3285; x_wconf 91' lang='lat' dir='ltr'>oui</span> <span class='ocrx_word' id='word_1_232' title='bbox 1378 3221 1462 3305; x_wconf 88' lang='lat' dir='ltr'>patri</span> <span class='ocrx_word' id='word_1_233' title='bbox 1484 3223 1538 3305; x_wconf 92' lang='lat' dir='ltr'>qui</span> 
     </span>
     <span class='ocr_line' id='line_1_25' title="bbox 527 3323 1571 3391; baseline 0.005 -5"><span class='ocrx_word' id='word_1_234' title='bbox 527 3323 576 3387; x_wconf 92' lang='grc' dir='ltr'>ΠΙ</span> <span class='ocrx_word' id='word_1_235' title='bbox 620 3326 661 3386; x_wconf 75' lang='lat'>22</span> <span class='ocrx_word' id='word_1_236' title='bbox 684 3330 756 3389; x_wconf 89' lang='lat' dir='ltr'>tura</span> <span class='ocrx_word' id='word_1_237' title='bbox 776 3324 859 3389; x_wconf 91' lang='lat' dir='ltr'>abea</span> <span class='ocrx_word' id='word_1_238' title='bbox 1377 3332 1449 3390; x_wconf 90' lang='lat' dir='ltr'>tura</span> <span class='ocrx_word' id='word_1_239' title='bbox 1472 3326 1571 3391; x_wconf 86' lang='lat' dir='ltr'>sabea</span> 
     </span>
     <span class='ocr_line' id='line_1_26' title="bbox 622 3428 1589 3514; baseline 0.005 -25"><span class='ocrx_word' id='word_1_240' title='bbox 622 3428 662 3490; x_wconf 87' lang='lat'>88</span> <span class='ocrx_word' id='word_1_241' title='bbox 685 3447 780 3508; x_wconf 90' lang='lat' dir='ltr'>quem</span> <span class='ocrx_word' id='word_1_242' title='bbox 803 3435 894 3511; x_wconf 88' lang='lat' dir='ltr'>repta</span> <span class='ocrx_word' id='word_1_243' title='bbox 1378 3449 1440 3511; x_wconf 89' lang='lat' dir='ltr'>que</span> <span class='ocrx_word' id='word_1_244' title='bbox 1463 3436 1589 3514; x_wconf 89' lang='lat' dir='ltr'>sarepta</span> 
     </span>
     <span class='ocr_line' id='line_1_27' title="bbox 604 3530 1521 3597; baseline 0.003 -5"><span class='ocrx_word' id='word_1_245' title='bbox 604 3531 663 3593; x_wconf 84' lang='grc'>183</span> <span class='ocrx_word' id='word_1_246' title='bbox 687 3530 829 3595; x_wconf 91' lang='lat' dir='ltr'>muneris</span> <span class='ocrx_word' id='word_1_247' title='bbox 1378 3531 1521 3597; x_wconf 89' lang='lat' dir='ltr'>numeris</span> 
     </span>
     <span class='ocr_line' id='line_1_28' title="bbox 601 3635 1456 3700; baseline 0.004 -4"><span class='ocrx_word' id='word_1_248' title='bbox 601 3635 664 3696; x_wconf 76' lang='lat'>20⁶2</span> <span class='ocrx_word' id='word_1_249' title='bbox 686 3653 767 3698; x_wconf 88' lang='lat' dir='ltr'>aura</span> <span class='ocrx_word' id='word_1_250' title='bbox 1379 3642 1456 3700; x_wconf 81' lang='lat' dir='ltr'>ue‘ra</span> 
     </span>
     <span class='ocr_line' id='line_1_29' title="bbox 602 3736 1485 3803; baseline 0.005 -4"><span class='ocrx_word' id='word_1_251' title='bbox 602 3736 663 3799; x_wconf 80' lang='lat'>280</span> <span class='ocrx_word' id='word_1_252' title='bbox 687 3743 802 3802; x_wconf 87' lang='lat' dir='ltr'>cuneta</span> <span class='ocrx_word' id='word_1_253' title='bbox 1380 3738 1485 3803; x_wconf 88' lang='lat' dir='ltr'>cineta</span> 
     </span>
     <span class='ocr_line' id='line_1_30' title="bbox 602 3839 1492 3924; baseline 0.004 -21"><span class='ocrx_word' id='word_1_254' title='bbox 602 3841 662 3903; x_wconf 84' lang='grc'>357</span> <span class='ocrx_word' id='word_1_255' title='bbox 685 3839 785 3922; x_wconf 90' lang='lat' dir='ltr'>geniti</span> <span class='ocrx_word' id='word_1_256' title='bbox 1378 3849 1492 3924; x_wconf 88' lang='lat' dir='ltr'>gentes</span> 
     </span>
     <span class='ocr_line' id='line_1_31' title="bbox 601 3943 1470 4009; baseline 0.003 -4"><span class='ocrx_word' id='word_1_257' title='bbox 601 3946 659 4005; x_wconf 82' lang='lat'>371</span> <span class='ocrx_word' id='word_1_258' title='bbox 687 3943 824 4008; x_wconf 89' lang='lat' dir='ltr'>dominis</span> <span class='ocrx_word' id='word_1_259' title='bbox 1378 3944 1470 4009; x_wconf 90' lang='lat' dir='ltr'>donis</span> 
     </span>
    </p>

    <p class='ocr_par' dir='ltr' id='par_1_8' title="bbox 371 4062 2016 5108">
     <span class='ocr_line' id='line_1_32' title="bbox 458 4062 1998 4149; baseline 0 -21"><span class='ocrx_word' id='word_1_260' title='bbox 458 4062 557 4128; x_wconf 90' lang='lat' dir='ltr'>Lcoos</span> <span class='ocrx_word' id='word_1_261' title='bbox 586 4063 669 4128; x_wconf 88' lang='lat' dir='ltr'>tales</span> <span class='ocrx_word' id='word_1_262' title='bbox 700 4063 818 4128; x_wconf 89' lang='lat' dir='ltr'>codicis</span> <span class='ocrx_word' id='word_1_263' title='bbox 848 4084 908 4147; x_wconf 90' lang='lat' dir='ltr'>cpe</span> <span class='ocrx_word' id='word_1_264' title='bbox 939 4069 1095 4129; x_wconf 87' lang='lat' dir='ltr'>correctos</span> <span class='ocrx_word' id='word_1_265' title='bbox 1125 4082 1198 4128; x_wconf 88' lang='lat' dir='ltr'>esse</span> <span class='ocrx_word' id='word_1_266' title='bbox 1228 4083 1347 4147; x_wconf 87' lang='lat' dir='ltr'>negare</span> <span class='ocrx_word' id='word_1_267' title='bbox 1374 4084 1435 4129; x_wconf 93' lang='lat' dir='ltr'>non</span> <span class='ocrx_word' id='word_1_268' title='bbox 1458 4083 1556 4129; x_wconf 89' lang='lat' dir='ltr'>ausus</span> <span class='ocrx_word' id='word_1_269' title='bbox 1579 4074 1636 4130; x_wconf 89' lang='lat' dir='ltr'>aut</span> <span class='ocrx_word' id='word_1_270' title='bbox 1656 4064 1739 4129; x_wconf 91' lang='lat' dir='ltr'>libro</span> <span class='ocrx_word' id='word_1_271' title='bbox 1761 4084 1858 4129; x_wconf 91' lang='lat' dir='ltr'>manu</span> <span class='ocrx_word' id='word_1_272' title='bbox 1881 4064 1998 4149; x_wconf 88' lang='lat' dir='ltr'>scripto</span> 
     </span>
     <span class='ocr_line' id='line_1_33' title="bbox 374 4181 2016 4268; baseline 0.001 -21"><span class='ocrx_word' id='word_1_273' title='bbox 374 4181 504 4263; x_wconf 87' lang='lat' dir='ltr'>eodem,</span> <span class='ocrx_word' id='word_1_274' title='bbox 539 4203 641 4264; x_wconf 91' lang='lat' dir='ltr'>equo</span> <span class='ocrx_word' id='word_1_275' title='bbox 663 4183 860 4247; x_wconf 87' lang='lat' dir='ltr'>Matritensis</span> <span class='ocrx_word' id='word_1_276' title='bbox 889 4190 974 4248; x_wconf 88' lang='lat' dir='ltr'>totus</span> <span class='ocrx_word' id='word_1_277' title='bbox 1004 4182 1183 4267; x_wconf 86' lang='lat' dir='ltr'>‹lesoriptus</span> <span class='ocrx_word' id='word_1_278' title='bbox 1203 4191 1278 4257; x_wconf 79' lang='lat' dir='ltr'>est,</span> <span class='ocrx_word' id='word_1_279' title='bbox 1312 4191 1367 4248; x_wconf 89' lang='lat' dir='ltr'>aut</span> <span class='ocrx_word' id='word_1_280' title='bbox 1396 4184 1582 4268; x_wconf 89' lang='lat' dir='ltr'>apographo</span> <span class='ocrx_word' id='word_1_281' title='bbox 1613 4184 1682 4249; x_wconf 87' lang='lat' dir='ltr'>eius</span> <span class='ocrx_word' id='word_1_282' title='bbox 1704 4184 1768 4249; x_wconf 90' lang='lat' dir='ltr'>alio</span> <span class='ocrx_word' id='word_1_283' title='bbox 1792 4191 2016 4259; x_wconf 30' lang='lat' dir='ltr'>correctorem,</span> 
     </span>
     <span class='ocr_line' id='line_1_34' title="bbox 373 4301 2000 4387; baseline 0.002 -22"><span class='ocrx_word' id='word_1_284' title='bbox 373 4320 466 4366; x_wconf 89' lang='lat' dir='ltr'>usum</span> <span class='ocrx_word' id='word_1_285' title='bbox 496 4321 568 4368; x_wconf 88' lang='lat' dir='ltr'>esse</span> <span class='ocrx_word' id='word_1_286' title='bbox 600 4302 752 4387; x_wconf 86' lang='lat' dir='ltr'>suspicor.</span> <span class='ocrx_word' id='word_1_287' title='bbox 800 4301 883 4367; x_wconf 85' lang='lat' dir='ltr'>Aliis</span> <span class='ocrx_word' id='word_1_288' title='bbox 905 4301 990 4366; x_wconf 89' lang='lat' dir='ltr'>enim</span> <span class='ocrx_word' id='word_1_289' title='bbox 1014 4303 1207 4368; x_wconf 87' lang='lat' dir='ltr'>emendandi</span> <span class='ocrx_word' id='word_1_290' title='bbox 1230 4302 1383 4368; x_wconf 90' lang='lat' dir='ltr'>subsidiis</span> <span class='ocrx_word' id='word_1_291' title='bbox 1405 4303 1593 4368; x_wconf 89' lang='lat' dir='ltr'>instructum</span> <span class='ocrx_word' id='word_1_292' title='bbox 1617 4324 1689 4370; x_wconf 89' lang='lat' dir='ltr'>eum</span> <span class='ocrx_word' id='word_1_293' title='bbox 1711 4324 1774 4369; x_wconf 92' lang='lat' dir='ltr'>non</span> <span class='ocrx_word' id='word_1_294' title='bbox 1797 4304 1898 4370; x_wconf 89' lang='lat' dir='ltr'>fuisse</span> <span class='ocrx_word' id='word_1_295' title='bbox 1923 4304 2000 4369; x_wconf 90' lang='lat' dir='ltr'>inde</span> 
     </span>
     <span class='ocr_line' id='line_1_35' title="bbox 373 4422 2000 4520; baseline 0.002 -35"><span class='ocrx_word' id='word_1_296' title='bbox 373 4428 517 4505; x_wconf 86' lang='lat' dir='ltr'>apparet,</span> <span class='ocrx_word' id='word_1_297' title='bbox 543 4422 628 4506; x_wconf 91' lang='lat' dir='ltr'>quod</span> <span class='ocrx_word' id='word_1_298' title='bbox 651 4423 782 4488; x_wconf 87' lang='lat' dir='ltr'>lacunas</span> <span class='ocrx_word' id='word_1_299' title='bbox 804 4422 942 4487; x_wconf 89' lang='lat' dir='ltr'>maiores</span> <span class='ocrx_word' id='word_1_300' title='bbox 965 4441 1084 4503; x_wconf 86' lang='lat' dir='ltr'>omnes,</span> <span class='ocrx_word' id='word_1_301' title='bbox 1110 4422 1248 4489; x_wconf 87' lang='lat' dir='ltr'>minores</span> <span class='ocrx_word' id='word_1_302' title='bbox 1270 4423 1389 4488; x_wconf 90' lang='lat' dir='ltr'>multas</span> <span class='ocrx_word' id='word_1_303' title='bbox 1412 4442 1531 4487; x_wconf 90' lang='lat' dir='ltr'>vacuas</span> <span class='ocrx_word' id='word_1_304' title='bbox 1554 4423 1693 4520; x_wconf 85' lang='lat' dir='ltr'>reliquit.</span> <span class='ocrx_word' id='word_1_305' title='bbox 1737 4424 1807 4488; x_wconf 90' lang='lat' dir='ltr'>Nec</span> <span class='ocrx_word' id='word_1_306' title='bbox 1828 4444 1904 4489; x_wconf 91' lang='lat' dir='ltr'>vero</span> <span class='ocrx_word' id='word_1_307' title='bbox 1927 4423 2000 4489; x_wconf 82' lang='lat' dir='ltr'>libri</span> 
     </span>
     <span class='ocr_line' id='line_1_36' title="bbox 371 4540 1999 4626; baseline 0.002 -22"><span class='ocrx_word' id='word_1_308' title='bbox 371 4540 460 4604; x_wconf 92' lang='lat' dir='ltr'>illius</span> <span class='ocrx_word' id='word_1_309' title='bbox 475 4541 663 4624; x_wconf 88' lang='lat' dir='ltr'>antiquioris</span> <span class='ocrx_word' id='word_1_310' title='bbox 678 4542 777 4608; x_wconf 87' lang='lat' dir='ltr'>verba</span> <span class='ocrx_word' id='word_1_311' title='bbox 791 4541 969 4608; x_wconf 88' lang='lat' dir='ltr'>restituisse</span> <span class='ocrx_word' id='word_1_312' title='bbox 985 4548 1141 4607; x_wconf 87' lang='lat' dir='ltr'>corrector·</span> <span class='ocrx_word' id='word_1_313' title='bbox 1156 4542 1234 4606; x_wconf 88' lang='lat' dir='ltr'>satis</span> <span class='ocrx_word' id='word_1_314' title='bbox 1250 4543 1371 4624; x_wconf 79' lang='lat' dir='ltr'>habirit,</span> <span class='ocrx_word' id='word_1_315' title='bbox 1392 4542 1449 4607; x_wconf 90' lang='lat' dir='ltr'>sed</span> <span class='ocrx_word' id='word_1_316' title='bbox 1465 4562 1524 4608; x_wconf 89' lang='lat' dir='ltr'>sua</span> <span class='ocrx_word' id='word_1_317' title='bbox 1538 4542 1717 4608; x_wconf 89' lang='lat' dir='ltr'>eruditione</span> <span class='ocrx_word' id='word_1_318' title='bbox 1733 4563 1854 4626; x_wconf 89' lang='lat' dir='ltr'>suoque</span> <span class='ocrx_word' id='word_1_319' title='bbox 1868 4544 1999 4626; x_wconf 88' lang='lat' dir='ltr'>ingenio</span> 
     </span>
     <span class='ocr_line' id='line_1_37' title="bbox 371 4659 2002 4748; baseline 0.002 -24"><span class='ocrx_word' id='word_1_320' title='bbox 371 4659 544 4743; x_wconf 89' lang='lat' dir='ltr'>genuinam</span> <span class='ocrx_word' id='word_1_321' title='bbox 567 4662 742 4727; x_wconf 88' lang='lat' dir='ltr'>carminum</span> <span class='ocrx_word' id='word_1_322' title='bbox 765 4662 894 4747; x_wconf 83' lang='lat' dir='ltr'>Gorippi</span> <span class='ocrx_word' id='word_1_323' title='bbox 917 4661 1050 4726; x_wconf 85' lang='lat' dir='ltr'>formam</span> <span class='ocrx_word' id='word_1_324' title='bbox 1070 4682 1220 4727; x_wconf 89' lang='lat' dir='ltr'>revocare</span> <span class='ocrx_word' id='word_1_325' title='bbox 1236 4682 1271 4728; x_wconf 88' lang='lat' dir='ltr'>se</span> <span class='ocrx_word' id='word_1_326' title='bbox 1287 4681 1380 4747; x_wconf 88' lang='lat' dir='ltr'>posse</span> <span class='ocrx_word' id='word_1_327' title='bbox 1395 4663 1534 4728; x_wconf 83' lang='lat' dir='ltr'>conlisus</span> <span class='ocrx_word' id='word_1_328' title='bbox 1551 4683 1612 4727; x_wconf 92' lang='lat' dir='ltr'>non</span> <span class='ocrx_word' id='word_1_329' title='bbox 1628 4663 1721 4728; x_wconf 92' lang='lat' dir='ltr'>modo</span> <span class='ocrx_word' id='word_1_330' title='bbox 1737 4663 2002 4748; x_wconf 89' lang='lat' dir='ltr'>orthographiam.</span> 
     </span>
     <span class='ocr_line' id='line_1_38' title="bbox 372 4779 1996 4865; baseline 0.001 -19"><span class='ocrx_word' id='word_1_331' title='bbox 372 4779 490 4846; x_wconf 88' lang='lat' dir='ltr'>codicis</span> <span class='ocrx_word' id='word_1_332' title='bbox 512 4780 564 4846; x_wconf 90' lang='lat' dir='ltr'>hio</span> <span class='ocrx_word' id='word_1_333' title='bbox 586 4780 653 4846; x_wconf 91' lang='lat' dir='ltr'>illie</span> <span class='ocrx_word' id='word_1_334' title='bbox 675 4781 871 4864; x_wconf 83' lang='lat' dir='ltr'>immutarit,</span> <span class='ocrx_word' id='word_1_335' title='bbox 898 4782 957 4848; x_wconf 91' lang='lat' dir='ltr'>sed</span> <span class='ocrx_word' id='word_1_336' title='bbox 979 4802 1091 4848; x_wconf 89' lang='lat' dir='ltr'>versus</span> <span class='ocrx_word' id='word_1_337' title='bbox 1114 4783 1248 4864; x_wconf 87' lang='lat' dir='ltr'>multos,</span> <span class='ocrx_word' id='word_1_338' title='bbox 1278 4802 1358 4865; x_wconf 89' lang='lat' dir='ltr'>quos</span> <span class='ocrx_word' id='word_1_339' title='bbox 1381 4783 1509 4849; x_wconf 89' lang='lat' dir='ltr'>mutilos</span> <span class='ocrx_word' id='word_1_340' title='bbox 1531 4783 1715 4864; x_wconf 87' lang='lat' dir='ltr'>invenerat,</span> <span class='ocrx_word' id='word_1_341' title='bbox 1743 4783 1843 4848; x_wconf 88' lang='lat' dir='ltr'>libero</span> <span class='ocrx_word' id='word_1_342' title='bbox 1866 4783 1996 4849; x_wconf 89' lang='lat' dir='ltr'>arbitrio</span> 
     </span>
     <span class='ocr_line' id='line_1_39' title="bbox 372 4901 1998 4996; baseline 0.003 -31"><span class='ocrx_word' id='word_1_343' title='bbox 372 4901 525 4985; x_wconf 84' lang='lat' dir='ltr'>explevit,</span> <span class='ocrx_word' id='word_1_344' title='bbox 543 4901 635 4983; x_wconf 89' lang='lat' dir='ltr'>alios,</span> <span class='ocrx_word' id='word_1_345' title='bbox 654 4921 733 4984; x_wconf 88' lang='lat' dir='ltr'>qnos</span> <span class='ocrx_word' id='word_1_346' title='bbox 749 4910 914 4986; x_wconf 88' lang='lat' dir='ltr'>corruptos</span> <span class='ocrx_word' id='word_1_347' title='bbox 929 4902 1093 4983; x_wconf 88' lang='lat' dir='ltr'>iudicavit,</span> <span class='ocrx_word' id='word_1_348' title='bbox 1119 4903 1301 4996; x_wconf 81' lang='lat' dir='ltr'>coniectura</span> <span class='ocrx_word' id='word_1_349' title='bbox 1316 4903 1453 4969; x_wconf 86' lang='lat' dir='ltr'>refinxit.</span> <span class='ocrx_word' id='word_1_350' title='bbox 1495 4904 1577 4969; x_wconf 85' lang='lat' dir='ltr'>Sunt</span> <span class='ocrx_word' id='word_1_351' title='bbox 1591 4903 1662 4985; x_wconf 90' lang='lat' dir='ltr'>loci,</span> <span class='ocrx_word' id='word_1_352' title='bbox 1689 4904 1805 4986; x_wconf 89' lang='lat' dir='ltr'>quibus</span> <span class='ocrx_word' id='word_1_353' title='bbox 1820 4911 1998 4970; x_wconf 90' lang='lat' dir='ltr'>commenta</span> 
     </span>
     <span class='ocr_line' id='line_1_40' title="bbox 371 5020 1879 5108; baseline 0.003 -24"><span class='ocrx_word' id='word_1_354' title='bbox 371 5020 441 5085; x_wconf 87' lang='lat' dir='ltr'>eius</span> <span class='ocrx_word' id='word_1_355' title='bbox 464 5020 619 5089; x_wconf 87' lang='lat' dir='ltr'>facillime</span> <span class='ocrx_word' id='word_1_356' title='bbox 642 5022 876 5107; x_wconf 87' lang='lat' dir='ltr'>perspiciantur</span> <span class='ocrx_word' id='word_1_357' title='bbox 898 5028 1128 5107; x_wconf 89' lang='lat' dir='ltr'>perspectaque</span> <span class='ocrx_word' id='word_1_358' title='bbox 1151 5023 1366 5106; x_wconf 87' lang='lat' dir='ltr'>reprobentur.</span> <span class='ocrx_word' id='word_1_359' title='bbox 1415 5025 1574 5108; x_wconf 82' lang='lat' dir='ltr'>Exempla</span> <span class='ocrx_word' id='word_1_360' title='bbox 1597 5023 1758 5089; x_wconf 87' lang='lat' dir='ltr'>sufficiant</span> <span class='ocrx_word' id='word_1_361' title='bbox 1780 5024 1879 5089; x_wconf 88' lang='lat' dir='ltr'>baec:</span> 
     </span>
    </p>
   </div>
   <div class='ocr_carea' id='block_1_5' title="bbox 476 5147 1923 5723">
    <p class='ocr_par' dir='ltr' id='par_1_9' title="bbox 476 5147 1923 5723">
     <span class='ocr_line' id='line_1_41' title="bbox 703 5147 1797 5228; baseline 0.002 -24"><span class='ocrx_word' id='word_1_362' title='bbox 703 5149 717 5204; x_wconf 85' lang='lat' dir='ltr'>l</span> <span class='ocrx_word' id='word_1_363' title='bbox 745 5165 784 5205; x_wconf 78' lang='lat' dir='ltr'>ne.</span> <span class='ocrx_word' id='word_1_364' title='bbox 1181 5148 1264 5207; x_wconf 76' lang='lat' dir='ltr'>2or..</span> <span class='ocrx_word' id='word_1_365' title='bbox 1629 5147 1797 5228; x_wconf 74' lang='lat' dir='ltr'>tegendum.</span> 
     </span>
     <span class='ocr_line' id='line_1_42' title="bbox 476 5245 1923 5330; baseline 0.003 -22"><span class='ocrx_word' id='word_1_366' title='bbox 476 5246 491 5308; x_wconf 95' lang='grc' dir='ltr'>Ι</span> <span class='ocrx_word' id='word_1_367' title='bbox 517 5249 576 5309; x_wconf 78' lang='grc'>102</span> <span class='ocrx_word' id='word_1_368' title='bbox 599 5252 632 5311; x_wconf 92' lang='lat' dir='ltr'>et</span> <span class='ocrx_word' id='word_1_369' title='bbox 654 5245 768 5310; x_wconf 89' lang='lat' dir='ltr'>faciem</span> <span class='ocrx_word' id='word_1_370' title='bbox 791 5245 840 5309; x_wconf 92' lang='lat' dir='ltr'>ira</span> <span class='ocrx_word' id='word_1_371' title='bbox 862 5245 923 5310; x_wconf 92' lang='lat' dir='ltr'>loci</span> <span class='ocrx_word' id='word_1_372' title='bbox 1039 5253 1071 5311; x_wconf 88' lang='lat' dir='ltr'>et</span> <span class='ocrx_word' id='word_1_373' title='bbox 1093 5245 1209 5311; x_wconf 87' lang='lat' dir='ltr'>faciem</span> <span class='ocrx_word' id='word_1_374' title='bbox 1231 5246 1341 5330; x_wconf 92' lang='lat' dir='ltr'>iraque</span> <span class='ocrx_word' id='word_1_375' title='bbox 1364 5246 1425 5312; x_wconf 92' lang='lat' dir='ltr'>loci</span> <span class='ocrx_word' id='word_1_376' title='bbox 1535 5253 1567 5312; x_wconf 89' lang='lat' dir='ltr'>et</span> <span class='ocrx_word' id='word_1_377' title='bbox 1588 5246 1671 5312; x_wconf 89' lang='lat' dir='ltr'>faeie</span> <span class='ocrx_word' id='word_1_378' title='bbox 1694 5247 1841 5313; x_wconf 91' lang='lat' dir='ltr'>miranda</span> <span class='ocrx_word' id='word_1_379' title='bbox 1861 5248 1923 5313; x_wconf 92' lang='lat' dir='ltr'>loci</span> 
     </span>
     <span class='ocr_line' id='line_1_43' title="bbox 517 5348 1621 5432; baseline 0.005 -22"><span class='ocrx_word' id='word_1_380' title='bbox 517 5350 576 5411; x_wconf 73' lang='grc'>257</span> <span class='ocrx_word' id='word_1_381' title='bbox 599 5349 687 5414; x_wconf 87' lang='lat' dir='ltr'>iaces</span> <span class='ocrx_word' id='word_1_382' title='bbox 1039 5353 1087 5412; x_wconf 87' lang='lat' dir='ltr'>oet</span> <span class='ocrx_word' id='word_1_383' title='bbox 1109 5348 1194 5415; x_wconf 89' lang='lat' dir='ltr'>iacet</span> <span class='ocrx_word' id='word_1_384' title='bbox 1298 5424 1302 5432; x_wconf 26' lang='lat' dir='ltr'><em>s</em></span> <span class='ocrx_word' id='word_1_385' title='bbox 1534 5349 1621 5415; x_wconf 87' lang='lat' dir='ltr'>iaces</span> 
     </span>
     <span class='ocr_line' id='line_1_44' title="bbox 515 5454 1748 5538; baseline 0.003 -24"><span class='ocrx_word' id='word_1_386' title='bbox 515 5454 576 5514; x_wconf 75' lang='lat'>258</span> <span class='ocrx_word' id='word_1_387' title='bbox 599 5458 727 5536; x_wconf 87' lang='lat' dir='ltr'>pectore</span> <span class='ocrx_word' id='word_1_388' title='bbox 749 5458 813 5517; x_wconf 86' lang='lat' dir='ltr'>toto</span> <span class='ocrx_word' id='word_1_389' title='bbox 1041 5460 1169 5538; x_wconf 87' lang='lat' dir='ltr'>pectore</span> <span class='ocrx_word' id='word_1_390' title='bbox 1191 5458 1258 5519; x_wconf 89' lang='lat' dir='ltr'>tuto</span> <span class='ocrx_word' id='word_1_391' title='bbox 1534 5458 1662 5536; x_wconf 88' lang='lat' dir='ltr'>pectore</span> <span class='ocrx_word' id='word_1_392' title='bbox 1684 5459 1748 5518; x_wconf 88' lang='lat' dir='ltr'>tcto</span> 
     </span>
     <span class='ocr_line' id='line_1_45' title="bbox 514 5556 1707 5621; baseline 0.003 -5"><span class='ocrx_word' id='word_1_393' title='bbox 514 5556 576 5618; x_wconf 77' lang='lat'>278</span> <span class='ocrx_word' id='word_1_394' title='bbox 599 5561 672 5618; x_wconf 89' lang='lat' dir='ltr'>neto</span> <span class='ocrx_word' id='word_1_395' title='bbox 695 5575 773 5619; x_wconf 88' lang='lat' dir='ltr'>auro</span> <span class='ocrx_word' id='word_1_396' title='bbox 1040 5562 1133 5620; x_wconf 90' lang='lat' dir='ltr'>necto</span> <span class='ocrx_word' id='word_1_397' title='bbox 1155 5577 1233 5621; x_wconf 90' lang='lat' dir='ltr'>auro</span> <span class='ocrx_word' id='word_1_398' title='bbox 1534 5563 1608 5621; x_wconf 90' lang='lat' dir='ltr'>neto</span> <span class='ocrx_word' id='word_1_399' title='bbox 1631 5576 1707 5620; x_wconf 92' lang='lat' dir='ltr'>auro</span> 
     </span>
     <span class='ocr_line' id='line_1_46' title="bbox 515 5656 1668 5723; baseline 0.002 -5"><span class='ocrx_word' id='word_1_400' title='bbox 515 5659 576 5718; x_wconf 79' lang='grc'>’296</span> <span class='ocrx_word' id='word_1_401' title='bbox 599 5656 725 5720; x_wconf 89' lang='lat' dir='ltr'>eximiis</span> <span class='ocrx_word' id='word_1_402' title='bbox 887 5683 888 5687; x_wconf 44' lang='lat'>¹</span> <span class='ocrx_word' id='word_1_403' title='bbox 1040 5659 1191 5723; x_wconf 84' lang='lat' dir='ltr'>extremis</span> <span class='ocrx_word' id='word_1_404' title='bbox 1533 5679 1572 5723; x_wconf 85' lang='lat' dir='ltr'>ex</span> <span class='ocrx_word' id='word_1_405' title='bbox 1595 5656 1668 5721; x_wconf 88' lang='lat' dir='ltr'>imis</span> 
     </span>
    </p>
   </div>
   <div class='ocr_carea' id='block_1_6' title="bbox 0 0 2224 6276">
    <p class='ocr_par' dir='ltr' id='par_1_10' title="bbox 0 0 2224 6276">
     <span class='ocr_line' id='line_1_47' title="bbox 0 0 2224 6276; baseline 0 0"><span class='ocrx_word' id='word_1_406' title='bbox 0 0 2224 6276; x_wconf 95' lang='lat' dir='ltr'> </span> 
     </span>
    </p>
   </div>
  </div>
 </body>
</html>
