4440 6276
1028 402 1176 458 CORIPPI

679 601 817 660 tractatu
840 593 928 659 vario
951 601 1075 659 noctem
1098 613 1244 659 sermone
1266 594 1440 660 trahentes.

679 697 800 780 gaudia
822 697 957 763 militiae
979 698 1121 763 referunt
1142 697 1313 780 tristesque
1336 699 1480 778 labores,

680 821 824 883 quasque
847 800 981 866 Latinus
1003 801 1071 884 agit
1092 801 1224 866 vincens
1246 801 1407 866 exercitus
1429 802 1555 881 orbem,

680 923 763 968 nunc
785 905 868 970 bene
890 903 1077 969 commissas
1098 904 1274 969 referentes
1296 904 1405 970 ordine
1428 924 1569 989 pugnas,

679 1027 763 1072 nnnc
785 1008 869 1071 male
891 1014 985 1090 gesta
1005 1026 1088 1072 novo
1110 1015 1322 1072 memorantes
1344 1008 1432 1074 bella
1453 1007 1572 1072 dolore.

680 1109 756 1174 dum
779 1109 909 1176 diversa
931 1118 1068 1191 canunt,
1094 1110 1205 1175 ductor
1228 1110 1274 1175 sic
1296 1110 1376 1175 forte
1400 1111 1534 1176 locutus.

683 1213 808 1294 ‘qualis
830 1213 865 1277 in
887 1212 1029 1278 adventu
1052 1213 1157 1278 fuerat
1179 1220 1253 1277 tunc
1274 1212 1383 1277 Africa
1405 1221 1531 1287 nostro,

680 1336 698 1378 o
721 1316 817 1399 sccii,
843 1316 950 1381 saevis
973 1323 1060 1381 esset
1082 1335 1153 1381 cum
1176 1316 1317 1381 maxima
1339 1316 1448 1400 regnis

680 1418 759 1484 ultio
781 1419 880 1484 missa
902 1418 971 1500 dei,
1000 1418 1124 1484 tristem
1146 1439 1229 1499 quae
1252 1419 1311 1485 rite
1333 1426 1503 1503 tyrannum

679 1519 954 1604 Vandalicumque
976 1541 1079 1604 genus
1102 1529 1235 1586 centeno
1259 1521 1407 1606 perderet
1428 1542 1529 1601 anno,

679 1622 836 1688 Geilamir
856 1623 1010 1689 infandus
1032 1625 1180 1706 quamvis
1202 1632 1377 1691 vexaverat
1399 1625 1494 1690 Afros

679 1726 923 1810 perdideratque
946 1747 1081 1809 nocens,
1108 1748 1245 1811 magnus
1267 1748 1330 1810 quo
1352 1735 1495 1813 tempore
1517 1727 1628 1794 ductor

679 1831 738 1894 sub
760 1829 838 1913 iuga
860 1829 1011 1895 Sidonias
1033 1830 1118 1895 misit
1142 1831 1319 1897 Belisariua
1340 1851 1449 1915 arces,

679 1933 876 2018 principibus
898 1940 1026 2018 captum
1048 1941 1259 2017 praesentans
1282 1935 1360 2000 urbe
1382 1938 1567 2018 tyrannum!

678 2056 774 2119 quam
798 2036 895 2101 celeri
918 2055 1012 2101 cursu
1034 2036 1168 2101 ‘summis
1190 2044 1235 2103 tot
1256 2038 1344 2104 bella
1365 2046 1496 2122 peracta

680 2138 818 2222 viribus,
844 2145 900 2204 aut
922 2159 1005 2222 quae
1027 2138 1126 2223 digna
1149 2140 1251 2205 virum
1275 2140 1402 2206 fortuna
1424 2149 1534 2207 secuta
1557 2145 1620 2206 est!

678 2242 747 2307 ibat
767 2242 801 2306 iu
823 2241 980 2307 adductas
1004 2241 1114 2308 densis
1137 2243 1295 2310 exercitus
1317 2245 1447 2310 umbras

679 2344 863 2428 arboribus,
889 2345 993 2429 rapidi
1015 2365 1074 2410 nec
1098 2346 1175 2411 solis
1198 2346 1338 2413 torridus
1361 2347 1454 2412 ardor

554 2473 584 2511 ·r
681 2447 815 2513 militiae
836 2449 945 2513 nocuit
966 2449 1094 2514 fervens
1115 2455 1239 2514 aestate
1262 2457 1406 2534 perusta,

680 2570 874 2633 quamquam
896 2559 1069 2617 autumnus
1091 2560 1176 2635 erat,
1203 2552 1323 2618 Phoebi
1346 2553 1513 2619 candentis
1536 2562 1651 2618 ctare

681 2653 784 2719 tristia
805 2656 893 2721 bella
914 2654 1020 2737 magis
1042 2655 1149 2720 calida
1169 2655 1362 2722 inferrentur
1383 2656 1513 2722 harena.

681 2777 741 2822 nec
763 2758 868 2822 minus
890 2765 922 2823 et
944 2764 1053 2842 capto,
1079 2758 1166 2823 facta
1187 2758 1252 2822 iam
1275 2779 1369 2843 pace,
1395 2767 1530 2843 tyranno

683 2861 770 2926 laeta
792 2860 864 2926 fuit.
911 2862 1041 2945 plenam
1064 2861 1198 2946 Libyam
1222 2862 1404 2945 cultamque
1426 2862 1556 2946 reliqui,

681 2962 777 3046 inque
800 2969 886 3028 statu
907 2963 1035 3048 proprio
1058 2984 1109 3029 me
1133 2963 1319 3030 discedente
1342 2966 1495 3030 remansit

682 3074 715 3131 et
736 3067 858 3131 melior.
905 3086 976 3131 sum
998 3086 1136 3150 namque
1158 3087 1288 3132 memor.
1336 3067 1491 3149 fecunda,
1517 3068 1700 3135 redundans

682 3169 846 3252 frugibus,
872 3178 905 3236 et
927 3170 1048 3236 fructus
1071 3171 1179 3236 lumen
1202 3170 1366 3237 fundentis
1388 3172 1492 3237 olivae

682 3281 714 3338 et
736 3273 848 3339 latices
870 3273 948 3339 laeti
970 3281 1102 3356 turgens
1124 3274 1284 3341 referebat
1305 3275 1424 3339 Iacchi.

682 3397 745 3460 pax
769 3385 838 3441 erat
858 3377 926 3442 alta
947 3376 1036 3441 locis.
1084 3397 1167 3459 quae
1189 3384 1279 3443 tanta
1300 3377 1428 3443 insania
1448 3377 1545 3453 belli,

682 3479 754 3562 quis
776 3479 863 3544 furor
884 3479 1005 3545 exarsit
1027 3479 1153 3545 miseris
1175 3480 1307 3545 insanus
1330 3481 1363 3544 in
1385 3480 1494 3545 arvis?

682 3602 765 3666 quae
788 3590 895 3647 movet
916 3581 1074 3648 immerito
1096 3583 1245 3666 quatiens
1268 3583 1402 3649 Bellona
1425 3583 1555 3667 flagello

682 3685 866 3751 innumeras
889 3692 1023 3767 gentes?
1067 3686 1117 3752 vel
1141 3706 1223 3768 quae
1247 3686 1391 3751 succedit
1413 3687 1529 3770 Erinys

682 3795 714 3854 et
737 3789 972 3855 Phaethonteos
995 3788 1203 3854 commiscens
1225 3790 1375 3872 gentibus
1396 3790 1489 3872 ignes

681 3893 788 3958 omnia
811 3892 857 3958 sic
878 3892 1010 3977 mergit,
1037 3892 1147 3958 valida
1169 3893 1297 3959 labente
1320 3893 1435 3958 ruina?

682 3996 734 4061 dic
755 4017 835 4079 age,
861 3995 1008 4080 quisquis
1030 3995 1110 4061 ades
1132 3996 1270 4079 quaesiti
1291 3997 1442 4082 temporis
1463 3997 1586 4063 index’.

769 4099 905 4164 Gentius
927 4099 1077 4183 egregius
1099 4099 1297 4184 respondens
1320 4120 1397 4165 voce
1419 4100 1590 4183 magistro,

682 4204 773 4286 isque
796 4203 967 4286 magister,
994 4202 1050 4267 ait.
1102 4202 1217 4286 ‘digno
1241 4203 1422 4269 venerande
1445 4204 1553 4269 favore

681 4314 785 4372 rector
807 4326 929 4371 summe
951 4304 1085 4388 ducum,
1111 4306 1253 4371 nutantis
1275 4306 1401 4372 destina
1422 4315 1542 4390 terrae,

682 4430 757 4495 spes
779 4409 902 4492 Libyae
924 4409 1086 4491 nostrique
1108 4408 1200 4473 favor
1221 4408 1384 4492 virtusque
1405 4410 1573 4495 triumphi,

572 4541 586 4579 a
681 4514 781 4598 impia
803 4533 886 4594 quae
909 4512 1005 4577 fuen't
1026 4511 1104 4576 belli
1126 4512 1289 4576 nascentis
1310 4512 1417 4596 origo,

680 4638 739 4682 nos
761 4619 840 4683 latet
861 4615 1018 4682 abstrusis
1040 4614 1168 4700 penitus
1190 4623 1338 4681 contenta
1359 4616 1501 4682 latebris.

681 4728 788 4788 vester
810 4719 990 4786 Caecilides
1012 4719 1070 4784 illa
1092 4719 1134 4785 de
1156 4727 1246 4803 parte
1268 4719 1432 4802 tribunus,
1521 4705 1524 4711 ¹

682 4825 710 4890 si
731 4825 838 4890 iussus
860 4823 966 4908 coepti
987 4822 1105 4888 referat
1128 4820 1312 4887 discrimina
1333 4822 1430 4905 belli,

681 4936 795 4994 cuncta
816 4926 930 4992 docere
952 4932 1066 5011 potest.
1115 4924 1206 4991 cuius
1228 4925 1346 5010 quippe
1369 4925 1476 4990 omnia
1498 4925 1586 4990 norit

680 5031 714 5096 in
737 5030 843 5116 patria
865 5029 1035 5095 commissa
1057 5048 1133 5111 sua,
1159 5036 1336 5112 gentesque
1359 5029 1508 5112 locosque

680 5143 904 5217 auctoremque
926 5133 1004 5199 mali
1025 5132 1122 5218 prisci
1145 5153 1202 5198 seu
1224 5132 1376 5217 temporis
1398 5132 1506 5197 iram'.

292 5295 506 5307 ——-n——-.-

361 5383 374 5432 7
394 5391 497 5434 tractato
509 5386 577 5434 narie
591 5385 665 5435 sut.
757 5379 788 5429 12
807 5382 868 5429 forte
885 5379 913 5439 T,
933 5392 974 5427 ore
987 5376 1066 5426 Moza.
1154 5378 1255 5426 locutus
1272 5378 1293 5423 T
1390 5375 1419 5425 14
1437 5391 1494 5424 curn
1507 5376 1591 5436 Batia,
1612 5377 1670 5426 dnm
1688 5377 1709 5424 T
1807 5378 1837 5429 17
1856 5394 1915 5431 nea·

289 5479 388 5519 sauerat
399 5473 467 5519 atrox
483 5472 503 5517 Τ
607 5471 640 5520 20
659 5476 754 5519 cattum
769 5468 789 5513 Τ
893 5465 925 5514 23
944 5464 1047 5514 aductaa
1062 5464 1082 5511 Τ
1187 5463 1219 5512 26
1237 5477 1386 5525 quamquam
1402 5463 1430 5524 T,
1448 5476 1554 5524 cumque
1567 5463 1667 5512 Lccbm.
1755 5467 1881 5515 mamutio
1897 5467 1917 5513 Τ

290 5557 322 5604 3⁰
341 5556 491 5605 descedente
513 5557 534 5604 T
638 5556 670 5604 32
689 5555 759 5604 oliuo
780 5553 800 5600 Τ
905 5551 937 5600 35>
956 5553 1063 5601 insonus
1083 5550 1104 5597 T
1207 5549 1240 5597 3ss
1259 5552 1375 5611 quotiens
1392 5549 1412 5596 T
1514 5549 1545 5597 :tt
1565 5549 1661 5598 herinis
1677 5550 1697 5596 T
1801 5550 1833 5601 38
1852 5551 1916 5614 pbs-

290 5650 388 5691 tooteos
411 5642 432 5688 Τ
535 5642 568 5691 du
586 5643 645 5691 adeo
664 5642 750 5702 Βάκ,
771 5654 798 5689 ea
819 5639 839 5685 T
944 5636 976 5686 42
996 5639 1068 5698 isque
1090 5636 1119 5696 T,
1138 5637 1193 5698 ipse
1212 5636 1311 5684 Lucbm.

288 5729 369 5778 bitom
388 5727 479 5790 Moza,
499 5729 633 5777 abstractis
654 5728 683 5789 T,
704 5728 836 5776 obstructis
855 5724 929 5772 serr.
1037 5722 1064 5770 51
1088 5724 1123 5770 ira
1143 5722 1163 5768 T

1417 5634 1449 5682 tu
1468 5642 1544 5682 rettor
1557 5635 1578 5680 T
1679 5636 1712 5684 46
1730 5638 1852 5686 abstrusis
1869 5637 1918 5686 do-
