4434 6276
1011 416 1157 472 CORlPPI

663 629 704 674 en
726 608 868 692 perlecta
888 615 1031 691 tuaest,
1057 607 1226 674 coniuncta
1248 616 1349 683 sorte,
1376 607 1524 672 voluntas

664 711 742 777 dure
765 712 887 795 magis,
913 711 1131 795 praedamque
1155 711 1249 775 simul
1272 718 1468 793 mortemque
1491 715 1621 775 secutus

664 814 781 879 linibus
802 835 823 880 a
845 815 975 899 Libycis
997 814 1119 898 panter
1140 833 1211 877 cum
1234 815 1331 878 tratre
1355 813 1504 878 recedis'.

749 918 893 1002 protinus
914 917 1052 982 adversa
1073 917 1188 983 Oullau
1212 916 1293 1001 petit
1314 916 1433 981 arduus
1456 916 1550 981 hasta

664 1021 927 1105 persequiturque
949 1020 1015 1085 diu.
1063 1039 1192 1104 campos
1215 1019 1271 1084 dat
1291 1026 1384 1102 terga
1406 1038 1463 1102 per
1485 1038 1596 1083 omnes

665 1124 795 1189 hleurus
818 1143 916 1206 eques
939 1144 1054 1207 magno
1077 1123 1207 1206 fugiens
1230 1122 1419 1188 conterritus
1441 1122 1543 1186 hoste.

667 1226 800 1309 perfurit
821 1227 891 1310 ipsc
915 1246 1071 1309 sequens,
1097 1227 1204 1291 missis
1227 1225 1357 1308 conligit
1379 1231 1412 1289 et
1434 1223 1536 1289 hastis

523 1350 570 1388 ue
666 1339 759 1411 terga
781 1329 899 1405 virum,
926 1330 1107 1413 multusque
1129 1329 1269 1394 infundit
1290 1327 1423 1410 sanguis
1446 1327 1593 1392 harenas.

668 1452 799 1517 corpora
821 1431 922 1497 densa
944 1433 1063 1511 cadunt
1083 1434 1183 1498 latum
1206 1433 1350 1497 revoluta
1372 1451 1430 1515 per
1451 1450 1580 1512 aequor.

668 1542 767 1600 terror
789 1536 980 1619 Laguantan
1001 1536 1140 1621 impellit
1161 1535 1295 1601 Martius
1317 1536 1451 1599 hostem.

668 1639 798 1720 agmina
821 1646 934 1704 cuncta
955 1646 1103 1704 tremunt.
1151 1639 1274 1704 invadit
1296 1645 1426 1723 pectora
1447 1637 1553 1721 gentis

669 1741 817 1806 insolitus
839 1741 954 1807 virtute
976 1762 1085 1826 pavor.
1133 1741 1288 1807 mirantur
1309 1747 1342 1805 et
1364 1740 1492 1806 horrent

669 1845 890 1928 effugiuntque
912 1845 1027 1910 virum.
1075 1845 1121 1911 sic
1142 1850 1361 1910 contremuere
1383 1851 1545 1909 tonantem

669 1948 803 2014 fulmine
826 1947 959 2028 deiecti,
985 1947 1089 2013 fracta
1111 1948 1252 2027 cervice,
1279 1947 1446 2030 Gigantes.

671 2052 717 2118 sic
738 2053 878 2117 Troiane
899 2070 1013 2117 manus
1036 2051 1149 2117 fortem
1171 2051 1316 2134 fugiebat
1338 2050 1508 2115 Achillem.

757 2156 876 2221 Bruten
899 2162 933 2220 ut
954 2155 1108 2240 expulsas
1129 2155 1252 2238 campis
1273 2154 1338 2218 iarn
1362 2160 1486 2218 vertere
1509 2161 1622 2235 gentes

670 2266 761 2341 terga
783 2259 879 2342 fuga,
904 2259 1130 2342 insolitumque
1153 2276 1227 2322 suos
1251 2257 1399 2323 hausisse
1421 2256 1564 2322 timorem

563 2385 576 2422 u
672 2362 767 2437 vidit,
794 2370 826 2427 et
847 2361 969 2426 eversis
991 2362 1078 2426 acics
1101 2359 1308 2425 succumbere
1331 2359 1449 2443 signis,

671 2473 839 2547 castraque
861 2471 932 2531 tnta
954 2472 1041 2530 metu
1063 2464 1193 2529 Mauros
1214 2464 1333 2528 intrare
1355 2463 1507 2545 fugaces,

673 2568 784 2633 ultima
806 2567 873 2632 sata
894 2587 984 2633 suam
1008 2567 1143 2633 credens
1165 2565 1354 2631 concludere
1376 2565 1474 2631 vitam

673 2680 802 2751 evocat,
829 2678 1033 2754 errantesque
1055 2670 1188 2752 instigat
1209 2689 1286 2734 voce
1309 2668 1470 2749 cohortes,

672 2772 792 2838 talibus
814 2780 847 2838 et
868 2772 962 2840 dietis
983 2773 1113 2839 timidos
1135 2771 1177 2837 ad
1199 2771 1287 2837 bella
1308 2769 1444 2836 reducit.

678 2886 713 2941 ‘o
736 2876 920 2942 miseranda
941 2895 1071 2958 manus,
1097 2896 1258 2959 nunquam
1281 2895 1363 2957 quae
1385 2875 1472 2940 victo
1493 2874 1640 2945 recessit,

675 2981 759 3048 unde
782 2987 885 3046 metus
908 2980 1053 3063 gehdas,
1079 2986 1135 3045 aut
1156 3000 1220 3063 qua
1241 2979 1374 3060 virtute,
1400 2985 1546 3043 catervas

674 3105 749 3150 acer
771 3084 861 3168 egit?
903 3084 1117 3167 quisquamne
1140 3082 1219 3165 fuga
1241 3080 1425 3148 defenditur
1446 3082 1533 3146 ista?

674 3195 730 3253 eut
753 3188 868 3253 cestris
890 3207 1020 3252 securus
1043 3187 1123 3268 eris,
1150 3205 1232 3268 quae
1255 3186 1357 3251 Marte
1379 3185 1537 3269 superbus

675 3297 823 3375 rapturus
845 3291 909 3355 iam
932 3290 1033 3355 victor
1054 3289 1169 3355 adest?
1211 3309 1275 3370 qua
1296 3288 1406 3354 territa
1428 3309 1557 3373 pugne,

568 3417 580 3453 u
677 3395 865 3476 Leguantan
887 3412 969 3477 gens
991 3393 1088 3473 dura,
1115 3391 1224 3475 fugis?
1266 3411 1329 3473 quo
1351 3390 1455 3456 rictus
1477 3393 1518 3457 eh
1541 3391 1650 3455 hoste.

676 3497 796 3561 Austur
818 3516 899 3577 equo
921 3495 1042 3575 fidens,
1068 3502 1157 3560 tanta
1179 3494 1348 3559 fonuidine
1368 3495 1494 3559 curris?

676 3620 739 3665 non
762 3599 878 3684 pudet,
904 3599 968 3665 heu
991 3599 1116 3680 miseri,
1144 3598 1265 3683 campis
1289 3598 1426 3663 cessisse
1449 3597 1591 3664 relictis?

677 3724 695 3768 o
717 3702 834 3768 virtus!
884 3723 903 3768 o
925 3703 1023 3768 corda
1044 3702 1165 3767 sirum!
1212 3700 1356 3766 uudosne
1380 3702 1496 3767 reverti

677 3808 883 3891 desertosque
907 3807 1006 3872 libet?
1050 3803 1173 3871 calidas
1196 3805 1244 3869 sic
1266 3824 1394 3870 cernere
1417 3807 1537 3888 Syrtes·

678 3911 819 3978 vaditis?
861 3931 880 3975 o
902 3909 1041 3993 fugitiva
1062 3928 1194 3987 manus,
1220 3907 1272 3973 vel
1295 3907 1401 3992 prisca
1423 3915 1581 3973 memento

678 4015 766 4080 bella
789 4034 900 4079 senum
924 4033 1113 4098 pugnasque
1136 4020 1241 4077 truces
1264 4018 1297 4076 et
1317 4010 1424 4075 nobile
1446 4011 1551 4074 robur.

678 4116 847 4201 imperium
870 4117 974 4182 vicere
997 4123 1116 4200 putres.
1163 4135 1225 4179 non
1248 4114 1376 4178 vincere
1398 4120 1522 4178 nostros

679 4219 895 4284 Maximianus
917 4238 1011 4298 avos,
1042 4217 1176 4283 Romani
1198 4216 1295 4281 fortis
1317 4215 1409 4299 regni

680 4329 807 4406 sceptra
828 4329 958 4403 tenens,
984 4321 1097 4406 potuit.
1143 4319 1249 4385 turbet
1271 4337 1355 4383 nunc
1377 4318 1508 4401 agmina
1529 4318 1667 4402 perdens

572 4449 584 4485 u
681 4425 835 4491 militibus
856 4424 984 4506 quantis
1005 4431 1061 4489 aut
1083 4444 1147 4507 qua
1167 4443 1239 4487 cum
1263 4421 1358 4506 plebe
1381 4421 1559 4499 Iohannes,

681 4528 848 4613 respicite,
875 4534 907 4593 et
927 4527 1057 4592 tandem
1080 4526 1195 4591 vestris
1218 4524 1392 4590 succurrite
1415 4525 1524 4590 natis'.

767 4631 886 4696 talibus
909 4630 1030 4696 exarsit
1050 4629 1144 4695 dictis
1166 4628 1330 4693 Maurusia
1352 4628 1470 4705 virtus,

682 4743 778 4818 atque
801 4734 887 4800 acies
910 4752 1063 4799 conversa
1085 4731 1185 4807 redit,
1214 4751 1419 4815 pugnamque
1442 4730 1575 4796 resumit

683 4839 802 4919 acrior,
829 4845 862 4903 et
883 4837 992 4903 densis
1014 4835 1181 4901 conturbat
1202 4834 1313 4899 nubila
1334 4835 1420 4900 telis.

682 4941 808 5009 turbine
831 4940 917 5005 victa
939 4939 1016 5005 ratis
1038 4958 1132 5003 cursu
1156 4958 1214 5003 ceu
1237 4957 1335 5022 saepe
1359 4955 1488 5002 recussa

684 5046 785 5111 fertur
805 5043 839 5109 in
861 5063 1055 5125 aequoreas,
1081 5043 1198 5106 Auster
1219 5061 1280 5123 quo
1303 5040 1430 5124 dirigit,
1457 5040 1578 5105 undas.

685 5148 760 5214 dum
783 5147 917 5211 miseros
938 5145 1068 5211 turbent
1090 5144 1216 5209 infensa
1239 5144 1382 5228 pericula
1404 5150 1534 5224 nautis,

685 5251 797 5316 obvius
819 5256 926 5334 optato
949 5249 1059 5315 veniat
1080 5247 1106 5312 si
1129 5245 1258 5311 flamine
1281 5254 1408 5327 ventus,

370 5480 419 5532 788
437 5484 568 5530 coulnucts
585 5481 680 5542 aoelpcl,
700 5481 834 5526 rournncta
856 5476 883 5536 Τ,
904 5480 1050 5536 consumpte
1068 5475 1148 5524 Mora.
1265 5478 1329 5521 sorte
1346 5474 1440 5533 scripsi.
1461 5479 1531 5535 parte
1552 5472 1573 5520 T
1692 5471 1741 5522 799
1759 5475 1820 5522 dura
1839 5472 1916 5525 Mora.

300 5567 350 5617 790
368 5583 383 5616 a
402 5567 491 5629 Mass„
511 5566 579 5615 heT
682 5562 731 5612 792
750 5563 793 5611 dln
810 5564 907 5623 scripsi,
927 5561 982 5610 dlre
1003 5562 1031 5622 Τ,
1051 5564 1119 5610 utros
1138 5560 1216 5609 Muza.
1323 5557 1373 5606 794
1392 5561 1504 5619 ooul'ugit
1522 5565 1549 5607 et
1566 5558 1643 5606 hostls
1665 5559 1686 5606 Τ
1788 5559 1835 5609 797
1854 5567 1919 5609 terro

299 5653 467 5714 llcgaateul'
571 5651 620 5701 798
638 5649 774 5715 pettoreT
877 5646 926 5697 sol
944 5647 1056 5695 hausisse
1074 5648 1169 5708 scripsi,
1190 5647 1290 5693 auxisse
1308 5645 1336 5703 Τ,
1356 5645 1456 5693 auxisse
1476 5645 1573 5693 luchm.
1680 5644 1730 5695 813
1748 5660 1812 5708 quse
1831 5647 1916 5707 Belle,

299 5753 373 5803 quem
395 5739 425 5796 Τ,
445 5752 523 5800 quum
541 5736 619 5786 Moza.
726 5735 775 5785 814
793 5748 843 5797 que
862 5732 949 5790 maz..
969 5733 1084 5794 quaml*
1188 5730 1238 5780 915
1256 5733 1391 5792 languetur
1416 5730 1436 5776 Τ
1538 5728 1742 5779 sortiumur
