4440 6276
1019 424 1166 480 CORlPPl

672 620 723 677 ast
747 611 799 678 ubi
822 613 970 697 perfectis
994 613 1147 680 caelestia
1168 634 1300 678 munera
1322 613 1421 678 sacris

672 713 822 778 obtulerit
843 713 970 780 domino
992 714 1192 780 venerandus
1214 715 1273 781 rite
1296 713 1462 795 sacerdos,

673 822 807 897 votaque
830 817 991 882 Romanus
1012 818 1202 902 persolverit
1222 817 1332 883 ordine
1354 816 1466 899 miles,

672 937 825 1002 ponemus
846 938 985 984 mensas.
1031 940 1071 985 ne
1094 921 1187 1004 longe
1210 920 1332 1006 pascite
1354 917 1477 1003 campis

673 1020 912 1106 quadrupedes,
939 1023 1044 1107 epulis
1066 1025 1214 1106 quoniam
1237 1024 1277 1089 de
1300 1043 1386 1087 more
1409 1021 1546 1107 receptis
1607 1094 1614 1105 ,

673 1131 777 1189 castra
799 1145 925 1190 movere
946 1127 1068 1210 placet,
1094 1148 1156 1192 non
1178 1126 1280 1192 tristia
1302 1126 1426 1191 mittere
1448 1124 1553 1208 bella,

673 1227 730 1292 sed
752 1234 873 1292 tanturn
896 1249 1065 1313 properare
1088 1230 1184 1311 locis,
1210 1236 1245 1295 ut
1266 1230 1337 1295 luce
1360 1228 1507 1310 sequenti

671 1366 715 1374 -
736 1350 809 1394 mox
831 1329 931 1414 primo
952 1330 1104 1396 mundum
1127 1350 1322 1415 consurgens
1343 1331 1487 1414 margine
1510 1332 1657 1397 Phoebus

673 1431 895 1499 flammivomis
917 1436 1079 1519 continget
1102 1437 1193 1520 equis
1215 1475 1258 1484 —
1280 1436 1475 1502 committere
1498 1458 1640 1522 pugnam

674 1535 787 1601 vicinis
810 1536 905 1603 liceat
927 1538 1061 1604 ferventi
1084 1539 1183 1605 caede
1205 1540 1342 1605 banne.

673 1659 732 1703 nec
753 1640 883 1721 longum
905 1642 1070 1724 quassabit
1091 1643 1167 1724 iter,
1193 1642 1385 1727 sonipesque
1407 1641 1570 1727 pedesque

673 1745 763 1811 fortis
785 1746 860 1826 erit,
886 1753 1060 1830 gentesque
1083 1747 1168 1811 feras
1190 1747 1306 1813 virtute
1328 1747 1482 1812 necabit'.

672 1857 845 1933 assurgunt
866 1851 1003 1915 clamore
1026 1849 1104 1932 viri,
1130 1849 1349 1934 plauduntque
1371 1849 1542 1934 faventque

673 1954 879 2035 exultantque
902 1953 1027 2018 animis.
1075 1952 1209 2018 redeunt
1229 1953 1264 2018 in
1286 1960 1391 2018 castra
1413 1952 1566 2018 cobortes.

758 2076 817 2121 nec
837 2057 942 2121 minus
965 2064 997 2122 et
1018 2057 1181 2122 Nasamon
1205 2055 1334 2121 diversa
1355 2056 1388 2120 in
1410 2063 1501 2140 parte
1523 2057 1672 2141 rebellis,

673 2158 839 2223 consilium
862 2158 985 2224 infandi
1008 2158 1130 2224 faciens
1153 2180 1209 2243 pro
1231 2166 1372 2243 tempore
1394 2159 1489 2240 belli,

672 2261 771 2344 impia
792 2268 948 2345 cognatae
972 2269 1170 2327 contraxerat
1193 2261 1322 2345 agmina
1343 2262 1472 2342 turbae,

672 2370 768 2445 atque
790 2365 872 2429 alias
895 2365 1030 2449 Libyam
1051 2365 1147 2430 bellis
1169 2384 1250 2447 quas
1272 2364 1418 2429 scindere
1441 2371 1553 2448 gentes

673 2467 869 2550 compulerat
889 2468 1060 2552 praedonis
1082 2488 1170 2532 amor
1192 2467 1348 2550 sortisque
1370 2467 1529 2533 nefandae

673 2576 816 2635 exmema
836 2571 900 2635 iam
923 2577 1022 2636 morte
1045 2571 1127 2636 dies.
1175 2570 1353 2636 Guenfeius
1376 2592 1457 2652 una,

673 2692 788 2758 aspera
809 2674 896 2738 bella
919 2674 1023 2756 ciens,
1048 2673 1154 2738 animo
1176 2675 1321 2738 consulta
1342 2673 1494 2756 revolvit,

673 2777 843 2861 impatiens
866 2777 994 2842 differre
1016 2777 1084 2841 diu.
1130 2784 1237 2842 tamen
1260 2777 1371 2841 ordine
1393 2775 1515 2861 primus

674 2880 835 2945 Carcasan
857 2879 904 2944 sic
926 2899 1017 2945 orsus
1038 2880 1093 2945 ait.
1144 2880 1265 2946 ‘vicina
1286 2881 1438 2946 lobannis

674 2990 777 3048 castra
798 2990 961 3067 premunt,
988 2990 1020 3048 et
1042 3003 1141 3049 saeva
1162 2984 1265 3049 fames
1287 2984 1352 3049 iam
1375 2983 1554 3069 comprimit
1575 3004 1697 3050 omnes.

624 3089 625 3093 ’
673 3087 824 3170 gentibus
846 3107 910 3151 una
932 3087 1020 3151 salus
1043 3088 1178 3152 celerem
1201 3087 1395 3153 committere
1417 3108 1576 3172 pugnam,

674 3190 750 3254 dum
773 3189 897 3255 solidae
920 3190 1005 3254 vires
1027 3190 1238 3255 membromm
1261 3191 1372 3255 robore
1393 3196 1550 3255 constant.

674 3314 750 3361 nam
769 3293 926 3378 pecudum
950 3312 1024 3377 spes
1046 3293 1115 3358 sola
1136 3293 1240 3377 epulis
1262 3300 1294 3358 et
1316 3292 1511 3377 lympbigeri
1531 3292 1635 3358 amnis

676 3403 834 3462 sustentat
854 3416 1003 3480 suprema
1024 3396 1119 3461 viros.
1165 3397 1230 3461 iam
1253 3395 1347 3460 farris
1370 3396 1411 3460 ab
1434 3395 1520 3460 omni

675 3498 793 3565 defecit
813 3499 996 3564 Nasamone
1017 3519 1131 3582 genus.
1178 3519 1354 3564 memorare
1377 3500 1521 3582 Lyaeum

674 3623 738 3668 non
759 3623 839 3688 opus
862 3609 921 3669 est.
966 3602 1056 3668 iuvat
1077 3602 1163 3668 unda
1185 3601 1298 3668 fluens.
1346 3602 1373 3666 si
1395 3601 1551 3667 vincimus
1573 3601 1700 3684 hostes,

674 3706 782 3772 omnia
803 3707 933 3771 Maurus
954 3705 1069 3788 babet,
1095 3712 1250 3790 prostrato
1272 3704 1373 3770 milite
1396 3711 1500 3769 casua

674 3808 827 3893 diripiens
849 3815 895 3874 tot
915 3809 1012 3892 plena
1033 3808 1136 3873 bonis.
1183 3808 1313 3872 immota
1334 3808 1508 3873 manebunt

673 3931 784 3976 securo
806 3931 960 3995 responsa
981 3912 1076 3993 mibi,
1103 3931 1185 3994 quae
1208 3910 1354 3994 corniger
1375 3911 1510 3975 Ammon

674 4021 757 4080 sorte
780 4013 885 4096 dedit,
912 4015 1022 4081 Latias
1044 4015 1130 4081 bello
1153 4034 1304 4099 superare
1328 4014 1499 4078 catervas’.

762 4117 918 4182 ‘crastina
940 4119 1023 4184 festa
1045 4117 1115 4183 dies
1138 4119 1255 4203 populo
1277 4115 1462 4201 peragenda
1485 4116 1598 4182 Latino
1621 4120 1695 4183 est’.

565 4248 578 4285 a
674 4222 792 4307 excipit
813 4222 978 4287 Antiliten.
1030 4223 1208 4287 ‘Romanus
1230 4222 1353 4306 proclia
1374 4221 1467 4286 miles

674 4327 763 4392 nulla
785 4333 882 4409 pavet
903 4326 1015 4392 solitus
1038 4326 1146 4391 sacris.
1193 4333 1269 4392 tunc
1291 4346 1380 4390 arma
1402 4345 1529 4390 movere

673 4437 781 4494 nostra
803 4429 889 4495 iube.
936 4428 1113 4512 incomptos
1135 4429 1239 4493 subito
1262 4447 1445 4512 rumpamus
1467 4427 1500 4491 in
1523 4427 1649 4507 hostes,

673 4533 748 4597 (lum
771 4532 876 4598 medio
898 4532 982 4596 calet
1003 4531 1082 4595 hora
1103 4530 1172 4614 die,
1199 4532 1274 4597 dum
1298 4539 1410 4596 cuncta
1432 4532 1491 4596 sub
1514 4531 1635 4595 umbris

675 4656 805 4720 corpora
826 4636 914 4700 fessa
935 4636 1041 4700 iacent
1062 4635 1159 4700 nimio
1181 4637 1302 4700 lassata
1324 4635 1441 4699 calore.

673 4746 840 4824 praeterea
861 4740 1007 4821 geminas
1029 4745 1150 4804 tanturm
1174 4738 1355 4804 rescindere
1378 4737 1481 4802 fossas

674 4849 723 4908 est
744 4841 869 4906 virtutis
893 4860 983 4924 opus.
1031 4840 1102 4905 duri
1123 4841 1259 4925 primum
1280 4841 1353 4923 ipsa
1374 4840 1525 4905 Iohannis

675 4953 780 5012 castra
801 4945 895 5025 time,
922 4943 1101 5026 densasque
1124 4944 1219 5008 simul
1242 4944 1401 5026 fortesque
1424 4944 1569 5008 cohortes

676 5048 877 5132 audacesque
899 5047 997 5113 duces
1019 5046 1163 5111 collectis
1187 5045 1271 5130 elige
1294 5045 1413 5129 signis,

601 5216 700 5223 .-——

359 5312 408 5362 223
422 5327 453 5360 nc
469 5313 498 5373 Τ,
514 5327 559 5360 nae
575 5310 664 5369 rrae„
679 5322 728 5356 neu
742 5307 815 5356 Belelr.
905 5305 954 5355 224
968 5308 1074 5369 receptis
1087 5306 1176 5365 Maza,
1192 5307 1279 5354 reettla
1293 5306 1313 5352 Τ
1396 5304 1445 5354 226
1458 5320 1588 5367 properare
1602 5305 1632 5367 T,
1646 5306 1758 5368 propiare
1772 5302 1913 5357 dlommren

289 5401 337 5449 227
357 5414 414 5448 mox
434 5399 469 5458 Τ,
498 5413 554 5446 cum
572 5397 687 5444 dubitans
705 5395 779 5443 Belclt.
903 5394 1041 5453 maglnei'
1171 5392 1220 5440 229
1240 5394 1324 5439 lutaris
1345 5393 1378 5450 Τ,
1408 5394 1496 5439 laturis
1515 5394 1573 5451 legit
1593 5391 1687 5453 Mora,
1717 5390 1813 5438 Latinis
1830 5390 1909 5443 ΒΜ.

290 5486 337 5536 231
359 5484 490 5534 uerrbltT
594 5481 644 5531 234
662 5481 836 5531 massamonT
939 5478 989 5529 235
1008 5479 1104 5527 inlandl
1119 5479 1208 5538 Mona,
1229 5478 1390 5540 nephandit'
1493 5478 1543 5528 236
1561 5478 1695 5538 agmineT
1794 5474 1844 5525 239
1863 5490 1913 5525 ex·

289 5581 366 5620 trema
383 5574 433 5619 torn
452 5576 530 5619 morte
551 5570 580 5629 T,
601 5575 712 5617 exuema
728 5571 777 5616 tam
795 5569 822 5616 in
841 5572 918 5615 morte
936 5566 1054 5615 dubitans
1067 5565 1142 5614 Maza.
1168 5565 1297 5624 conferens
1316 5564 1577 5623 Vcrp.elca.11m.
1600 5565 1637 5610 XI
1648 5566 1708 5624 846,
1728 5569 1839 5611 extremo
1856 5563 1911 5611 iam

291 5658 367 5706 biarte
380 5657 455 5705 Bclrlt.
552 5654 602 5704 242
620 5655 767 5703 cartamnT
863 5652 913 5702 246
931 5652 1181 5715 lymphigerircrr'pa',
1196 5650 1367 5713 lympblgsri'
1461 5647 1509 5696 247
1529 5652 1591 5699 uirln
1604 5648 1683 5698 Maza.
1781 5648 1831 5699 248
1850 5663 1912 5698 nes·

288 5758 389 5793 samone
410 5744 432 5794 Τ
535 5742 586 5793 256
605 5742 686 5791 solitis
705 5740 822 5790 dubitans
839 5741 914 5788 naua.
1021 5737 1071 5789 259
1089 5740 1170 5788 lanata
1188 5737 1302 5787 dubitans
1320 5738 1395 5786 nau.
1501 5735 1550 5786 2ϋο
1568 5739 1634 5786 fossa
1655 5734 1676 5785 Τ
