4440 6276
1035 437 1181 492 CORII'PI

705 626 930 708 arbaricasque
954 626 1085 691 trahens
1108 644 1257 710 perverso
1280 624 1409 689 numine
1433 634 1553 689 turmas

684 728 801 814 impius
824 728 856 793 in
879 728 953 793 latis
976 729 1145 815 prostravit
1166 727 1299 813 cuspide
1322 727 1455 812 eampis.

769 832 833 896 iarn
855 838 980 917 tempus
1003 832 1136 898 miseros
1158 831 1233 896 fatis
1255 828 1415 914 urguebat
1435 830 1579 912 acerbis,

576 957 588 991 ⁵
683 955 846 1018 regnaque
868 942 1001 1001 centeno
1023 954 1196 1020 properans
1218 934 1283 999 iarn
1305 933 1447 1016 fregerat
1467 954 1561 998 anno.

685 1047 759 1104 tunc
781 1039 917 1124 primurn
939 1038 973 1103 in
996 1039 1112 1104 nostris
1135 1038 1229 1102 urbes
1253 1036 1447 1103 succendere
1468 1037 1561 1103 terris

684 1149 716 1208 et
738 1142 890 1227 populare
914 1161 1006 1206 casas
1029 1149 1061 1208 et
1082 1140 1204 1226 campis
1227 1161 1352 1206 currere
1375 1141 1495 1206 Frexes

684 1252 847 1331 coeperat,
873 1245 1081 1328 infensusque
1103 1263 1201 1309 ausus
1224 1244 1419 1310 committere
1442 1263 1579 1328 pugnas.

683 1350 759 1414 iude
782 1368 913 1414 movens
935 1348 1021 1414 vires
1041 1355 1118 1414 tuno
1138 1348 1253 1412 Naffur
1276 1347 1412 1412 anhelus

685 1459 781 1534 atque
804 1452 888 1517 omni
911 1451 952 1518 de
976 1452 1071 1538 plebe
1093 1452 1177 1516 viros

684 1555 792 1621 vicina
813 1554 854 1621 dc
876 1562 967 1640 parte
990 1555 1106 1621 fremit.
1154 1573 1211 1620 nos
1233 1553 1376 1638 linquere
1398 1561 1500 1619 terras

684 1666 716 1725 et
739 1659 849 1724 dulces
871 1665 989 1724 terrore
1012 1659 1096 1723 lares
1120 1677 1187 1722 sors
1209 1657 1309 1742 impia
1334 1657 1452 1742 pulsat.

684 1763 787 1828 feruet
807 1761 927 1846 praedo
949 1761 1050 1826 ferox.
1096 1760 1195 1825 nuliis
1216 1760 1281 1824 iam
1303 1759 1371 1825 vita
1393 1758 1508 1824 salutis

683 1872 771 1931 certa
793 1865 882 1931 locis.
929 1865 992 1930 acti
1015 1865 1089 1929 fetis
1111 1882 1283 1947 urguemur
1304 1862 1432 1946 iniquis.

557 1989 584 2023 ’τ
682 1977 823 2054 tempore
845 1968 1013 2033 Vandaliei
1035 1966 1197 2052 perierunt
1220 1966 1340 2049 gaudia
1362 1965 1451 2049 regni

682 2079 802 2137 nostra.
849 2071 944 2135 simul
967 2089 1077 2136 versos
1099 2068 1225 2135 miseris
1247 2076 1322 2134 tunc
1347 2068 1424 2134 flere
1446 2076 1600 2152 penates·

683 2174 814 2258 contigit
835 2181 867 2239 et
888 2181 974 2239 tutas
995 2173 1140 2257 indignis
1162 2192 1315 2256 quaerore
1337 2178 1450 2238 terras.

768 2277 926 2342 llildimer
948 2276 1097 2342 infaustis
1120 2275 1220 2359 gessit
1241 2283 1317 2340 tuno
1338 2275 1461 2359 proelia
1483 2274 1585 2358 signis

681 2381 827 2447 insuetus
849 2380 992 2446 conferre
1013 2400 1153 2444 manum.
1200 2398 1264 2443 non
1286 2377 1407 2445 uiribus
1428 2378 1521 2443 illum

682 2484 827 2564 uincere,
854 2503 914 2549 uec
936 2482 1035 2548 tantis
1057 2489 1182 2567 poterat
1204 2501 1390 2547 concurrere
1413 2480 1525 2564 signis.

681 2586 770 2652 illius
793 2586 928 2651 adverso
951 2592 1139 2670 mmpuntur
1161 2584 1300 2650 stamina
1321 2583 1386 2649 fato

682 2688 842 2754 montibus
865 2689 896 2753 in
920 2687 1047 2753 mediis.
1094 2706 1189 2753 casos
1211 2686 1288 2769 quid
1311 2693 1410 2752 terret
1430 2686 1580 2770 iniquus?

683 2811 780 2877 saepe
802 2791 884 2857 irata
906 2791 967 2875 piis
991 2797 1098 2856 servat
1121 2790 1247 2856 fortuna
1268 2796 1429 2855 nocentes.

682 2894 888 2961 constiterant
910 2915 983 2959 narn
1007 2895 1100 2977 signa
1121 2892 1207 2978 iugis
1231 2893 1383 2976 silvisque
1406 2894 1556 2978 superba.

574 3020 586 3057 a
682 2997 820 3083 desuper
842 2998 883 3063 ab
906 2997 1046 3082 scopulis
1068 2997 1155 3062 acies
1178 2996 1357 3061 vallaverat
1377 2996 1513 3062 hostem.

680 3121 740 3166 nec
762 3120 837 3186 spes
860 3101 928 3165 ulla
950 3100 1046 3184 fugae
1068 3099 1205 3186 pressis,
1231 3119 1290 3165 nec
1312 3098 1411 3164 fidere
1433 3100 1547 3166 turbae

679 3224 739 3270 nec
760 3204 859 3269 vimm
881 3222 1010 3289 sperare
1033 3203 1111 3285 fuit,
1136 3222 1196 3268 nec
1218 3203 1330 3268 sistere
1353 3209 1462 3268 contra

680 3307 744 3372 iam
766 3314 922 3392 poterant.
968 3313 1092 3372 tantum
1114 3305 1254 3390 scopulis
1275 3305 1420 3371 tardatur
1441 3304 1561 3388 iniquis

679 3410 738 3474 illa
758 3430 884 3475 manus.
930 3411 1032 3494 ruptis
1053 3409 1171 3492 tegitur
1193 3428 1273 3492 gens
1294 3409 1395 3494 impia
1417 3408 1522 3491 saxis,

680 3512 820 3577 vallibus
842 3520 874 3578 et
896 3512 1007 3578 scissis
1029 3518 1170 3577 muratus
1193 3510 1331 3595 cingitur
1352 3512 1465 3578 hostis.

680 3615 832 3680 silvarum
855 3615 888 3680 in
911 3615 1017 3680 medio
1040 3616 1128 3680 loeus
1150 3622 1199 3680 est
1221 3635 1448 3700 nemorumque
1471 3616 1649 3700 malignus,

680 3718 820 3801 undique
842 3718 997 3803 praecisis
1019 3717 1160 3783 munitus
1182 3717 1316 3803 rupibus
1338 3718 1464 3801 ingens.

679 3822 797 3887 arduus
819 3821 890 3907 ipse
912 3821 989 3887 licet
1010 3840 1193 3903 summoque
1217 3821 1381 3886 cacumine
1405 3821 1519 3887 ductus

680 3923 836 4005 emineat,
862 3923 1034 4007 densisque
1056 3930 1206 4006 tegantur
1228 3943 1308 3988 saxa
1329 3924 1469 4004 salictis,

537 4052 541 4061 ·
572 4050 584 4084 e
680 4047 737 4111 per
759 4027 837 4110 iuga
860 4027 978 4093 siderei
1000 4027 1096 4112 plano
1119 4047 1189 4092 cum
1213 4026 1331 4092 vertice
1354 4027 1457 4111 campi

679 4129 865 4195 funduntur.
910 4130 964 4195 via
986 4131 1077 4194 nulla
1099 4137 1196 4215 petet.
1244 4129 1299 4193 vix
1322 4130 1453 4212 semita,
1479 4131 1571 4196 tortis

679 4231 820 4315 undique
842 4232 943 4297 fracta
965 4231 1044 4314 viis,
1072 4232 1149 4297 celsi
1171 4230 1304 4315 fastigia
1325 4233 1429 4317 campi

680 4334 750 4399 sola
771 4334 867 4419 capit.
914 4334 1034 4400 densae
1056 4334 1249 4400 clauduntur
1270 4333 1366 4399 deuia
1389 4335 1501 4400 silvae.

764 4436 923 4502 Hildimer
944 4445 979 4502 ut
1001 4444 1130 4522 saeptas
1152 4436 1233 4502 uidit
1254 4437 1429 4503 munimine
1452 4439 1557 4503 fossas

678 4549 773 4623 atque
795 4540 828 4605 in
851 4540 1035 4625 praecipiti,
1061 4540 1148 4605 nullo
1171 4540 1235 4603 iam
1258 4541 1399 4623 tramite,
1426 4562 1554 4626 pugnae

679 4650 763 4709 stare
785 4645 890 4726 locos,
917 4662 1048 4708 saeuum
1071 4643 1178 4708 timuit
1199 4648 1355 4728 temptare
1377 4644 1541 4729 periclum.

679 4753 755 4812 tuno
776 4747 864 4812 acies
886 4746 1023 4830 propriis
1045 4746 1163 4811 densas
1186 4748 1358 4813 consistere
1382 4748 1483 4832 signis

681 4849 751 4934 ipse
774 4850 879 4931 iubet,
907 4857 1036 4934 saeptos
1059 4849 1176 4915 dubius
1198 4871 1261 4933 qua
1283 4850 1394 4915 tendat
1416 4851 1449 4915 in
1472 4850 1590 4917 hostes.

678 4954 784 5018 omnia
806 4953 964 5038 {terrensis
986 4953 1120 5019 veniunt
1140 4954 1297 5019 contraria
1320 4954 1406 5018 satis.

535 5077 582 5119 rra
678 5078 739 5122 axe
761 5077 909 5142 premens
932 5057 1072 5122 medium
1095 5057 1243 5123 Phoebus
1265 5057 1330 5122 iam
1353 5057 1503 5143 lampade
1530 5059 1653 5124 caelum

364 5316 410 5365 192
435 5318 538 5365 turmine
567 5319 598 5378 Τ,
627 5319 726 5366 tramite
745 5317 844 5365 Lactru.
984 5317 1030 5367 198
1054 5321 1212 5380 infensosque
1233 5320 1253 5365 Τ
1313 5324 1314 5327 ’
1389 5317 1436 5367 189
1462 5319 1556 5367 italides
1579 5324 1636 5366 oute
1662 5320 1728 5367 uires
1752 5320 1810 5368 add.
1833 5319 1912 5370 Mon.

296 5402 342 5450 tuo
362 5411 420 5451 tuuc
433 5405 532 5463 usdrrgs
544 5404 649 5452 arrheton
659 5410 714 5466 post
726 5405 793 5451 uiros
806 5403 896 5451 11111111
911 5404 937 5461 Τ,
961 5419 1019 5466 quom
1031 5405 1104 5452 uerbo
1116 5420 1128 5451 e
1140 5408 1220 5465 priore
1232 5419 1303 5451 cerea
1315 5406 1378 5452 tuoto
1391 5408 1493 5465 repetito
1505 5405 1593 5454 11111111
1606 5406 1681 5453 Beue.
1789 5403 1834 5455 191
1855 5420 1914 5467 pre·

292 5491 337 5535 ortt
349 5491 376 5535 iu
388 5490 496 5537 fueruit!
510 5504 544 5537 m.
558 5493 680 5537 mutatam
695 5489 721 5550 T,
742 5491 833 5552 premit
847 5489 922 5540 diosa.
1030 5504 1073 5538 uos
1091 5493 1184 5552 scripsi,
1205 5492 1250 5539 hos
1274 5493 1294 5537 Τ
1399 5490 1552 5540 1931111Τ
1658 5490 1706 5540 196
1724 5492 1800 5539 simul
1817 5493 1912 5553 mear,

291 5577 370 5622 senrrd
389 5576 416 5631 Τ,
436 5576 514 5622 semel
529 5574 605 5624 Moza.
695 5576 744 5625 200
764 5578 865 5623 uincere
879 5590 924 5624 uec
938 5575 1026 5635 Mosa„
1049 5579 1149 5625 uincere
1163 5583 1207 5625 aut
1223 5578 1249 5637 Τ,
1272 5580 1384 5626 uinceret
1397 5580 1536 5625 autmotim
1622 5576 1671 5626 214
1690 5579 1912 5638 1111111111111111,

291 5661 452 5720 tegunturT
554 5659 650 5709 11111111
670 5659 780 5721 Locum„
802 5663 900 5711 relictis
922 5663 943 5710 Τ
1045 5663 1094 5713 115
1113 5664 1186 5726 plano
1204 5663 1321 5711 dubitans
1339 5663 1425 5720 Beue,
1445 5663 1519 5725 pleno
1540 5663 1559 5710 Τ
1663 5661 1913 5712 219111111111111

290 5746 408 5793 settesd'
510 5743 558 5793 ‘223
578 5746 731 5806 (1111911111.,
751 5747 842 5810 quoT
