4440 6276
239 391 278 501 ss
404 418 407 423 ’
534 439 712 495 snsroam
730 441 833 496 ruas.
854 438 1112 495 wnunarncns
1130 440 1173 493 n1
1192 440 1204 506 s
1223 440 1322 490 ‹sa-n
1345 438 1381 502 (v
1399 453 1425 492 ο.
1445 438 1486 488 ro.
1507 438 1560 501 rr).

240 628 455 694 sollicitudine
479 629 728 694 commendatis?
772 631 840 709 Tu,
868 637 975 693 sancte
998 630 1115 710 Paule,
1148 629 1290 712 gentium
1314 628 1481 710 magister,
1514 627 1569 709 qni
1591 626 1632 690 ab
1655 624 1857 690 Hierusalem

240 750 340 814 usque
363 732 405 796 ad
421 731 583 814 Illyricum
608 730 800 816 praedicasti
822 732 1025 814 evangelium
1049 731 1112 813 dei,
1139 751 1293 815 cognosce
1317 731 1393 813 quid
1409 730 1559 794 Wandali
1582 729 1704 794 faciunt
1717 727 1855 807 Anioni,

240 841 272 899 et
292 833 349 898 lilii
372 834 418 898 tui
440 841 572 917 gemunt
593 833 733 916 lugendo
757 834 890 918 captivi:
918 834 1121 917 universique
1143 833 1343 916 ingemiscite
1366 833 1467 897 sancti
1490 831 1583 895 simul
1599 851 1655 915 pro
1671 830 1764 894 nohis
1779 849 1857 913 apo

173 937 213 996 so
240 937 323 1001 stoli.
351 937 416 1001 Sed
431 937 549 1001 scimus
564 937 639 1019 quia
653 936 818 1019 indignum
835 944 884 1002 est
898 917 988 1002 vobis
1004 957 1061 1020 pro
1072 937 1163 1002 nohis
1176 956 1276 1019 orare,
1295 936 1370 1019 quia
1385 935 1458 1014 ista,
1477 955 1559 1018 ornae
1575 939 1750 999 evenerunt
1764 931 1858 997 nobis

239 1039 281 1103 ad
305 1038 531 1121 probationem,
557 1059 618 1104 noa
641 1038 799 1122 quomodo
822 1040 952 1121 sanetis,
979 1039 1036 1104 scd
1053 1039 1146 1103 malis
1161 1039 1283 1104 meritis
1307 1037 1466 1123 supplicia
1488 1036 1697 1103 debebantur.
1740 1034 1805 1099 Sed
1827 1040 1891 1098 ets

239 1161 294 1225 pro
309 1141 402 1206 malis
417 1148 505 1206 orate
527 1142 592 1207 iam
608 1142 694 1224 filiis,
720 1143 798 1224 qnia
820 1151 853 1208 ct
867 1143 1012 1209 Christus
1027 1143 1129 1207 oravit
1151 1141 1246 1206 etiam
1270 1162 1326 1226 pro
1350 1140 1487 1206 inimicis
1509 1139 1650 1206 Iudaeis.
1691 1137 1860 1202 Sufficiant

239 1243 441 1326 castigationi
457 1266 539 1328 quac
560 1245 645 1311 iuste
667 1245 768 1310 inlata
791 1254 864 1310 sunt
878 1246 971 1311 nobis
994 1252 1025 1310 ct
1047 1247 1110 1311 iam
1134 1246 1261 1328 iamque
1277 1244 1536 1328 delinquentibus
1551 1243 1647 1309 venia
1661 1243 1854 1327 postuletur:

240 1347 365 1412 dicatur
379 1349 495 1430 angelo
510 1347 716 1433 percutienti:
744 1347 872 1430 suflicit,
898 1349 962 1414 iam
985 1349 1096 1414 cohibe
1119 1368 1249 1412 manum
1272 1355 1371 1412 tuam.
1419 1348 1498 1426 Quis
1519 1348 1646 1430 ignoret
1667 1345 1748 1410 haec
1769 1343 1860 1408 nobis

240 1451 424 1534 probrorum
447 1457 625 1516 nostrorum
649 1453 772 1517 scelera
801 1471 1005 1535 procurasse,
1039 1450 1261 1516 aberrantibus
1283 1472 1304 1515 a
1326 1449 1486 1516 mandatis
1508 1449 1561 1515 dei
1583 1449 1669 1515 etin
1695 1448 1768 1531 lege
1791 1445 1861 1510 eius

240 1555 422 1620 nolentibus
444 1554 630 1620 ambulare?
675 1555 740 1621 Sed
762 1555 911 1639 prostrati
934 1575 1094 1638 rogamus,
1121 1561 1238 1619 utnon
1262 1553 1420 1638 spernatis
1443 1559 1565 1618 vestros
1587 1551 1722 1616 miseros
1744 1568 1860 1634 pecca-
1880 1567 1908 1607 ιο

239 1664 334 1738 tores,
359 1677 417 1741 per
438 1677 510 1722 eum
532 1658 588 1740 qui
610 1677 668 1723 vos
690 1658 732 1722 ad
754 1657 964 1742 apostolicum
986 1658 1112 1723 culmen
1135 1657 1281 1742 provexit
1303 1656 1441 1722 humiles
1463 1657 1649 1741 piscatores.

175 1777 212 1836 71
327 1778 419 1841 XXI.
448 1777 577 1859 {Tenuit
599 1777 864 1843 sceleratissimus
887 1778 1057 1842 Huniricus
1080 1776 1326 1843 dominationem
1350 1778 1441 1860 regni
1464 1777 1556 1843 annis
1579 1782 1713 1860 septem,
1738 1773 1860 1839 mensi-

240 1880 300 1945 bus
330 1879 460 1960 decem,
492 1879 676 1944 meritorum
707 1899 834 1947 suorum
866 1887 997 1946 mortem
1027 1899 1260 1945 consummans.
1308 1879 1390 1944 Nam
1421 1880 1618 1964 putrefactus
1644 1886 1677 1945 et
1698 1876 1859 1943 ebulliens

240 1983 419 2064 vermibus,
451 2004 515 2047 non
544 2003 676 2067 corpus,
707 1984 764 2048 sed
794 1991 901 2069 partes
931 1984 1071 2068 corporis
1097 1983 1167 2048 eius
1190 1982 1339 2049 videntur
1361 2002 1433 2048 esse
1455 1983 1611 2068 sepultae.
1660 1979 1726 2047 Sed
1748 1988 1781 2045 et
1802 1980 1858 2045 ille

241 2085 324 2168 legis
347 2085 442 2151 datae
465 2094 663 2151 transversor
685 2107 726 2151 ex
748 2086 999 2152 Donatianorum
1023 2086 1150 2152 haeresi
1172 2086 1215 2151 ad
1236 2105 1293 2153 eos
1315 2085 1447 2152 veniens
1468 2085 1629 2168 quondam
1651 2083 1803 2150 Nicasius
1824 2084 1859 2148 in
1880 2099 1909 2139 1⁵

241 2187 330 2254 brevi
353 2187 449 2254 simili
471 2196 571 2254 morte
593 2187 710 2274 periit]

309 2515 324 2565 2
343 2518 371 2565 ad
391 2533 439 2568 om.
459 2517 498 2579 Bp
618 2517 742 2577 ylliricum
762 2517 838 2577 BLB,
858 2517 976 2565 illiricum
992 2533 1010 2578 p
1136 2530 1240 2578 agnosce
1258 2518 1359 2580 quodp
1479 2519 1571 2567 arriani
1588 2520 1651 2566 orci:
1670 2524 1696 2566 et
1713 2518 1800 2565 Ariani
1818 2518 1856 2566 cd.

241 2603 317 2653 Ruta.
423 2606 439 2652 3
457 2598 562 2670 captiui]
581 2604 676 2652 αάἰισια
693 2608 752 2652 aunt
769 2606 796 2652 iat
812 2602 851 2653 cd.
872 2604 948 2652 linio.
968 2605 1049 2651 nescio
1066 2618 1095 2652 cx
1112 2618 1160 2666 quo
1177 2605 1256 2653 codice
1271 2607 1349 2667 petito
1366 2605 1424 2652 boec
1440 2604 1528 2653 norbo:
1547 2605 1585 2653 Tu
1600 2604 1668 2653 Petri
1686 2617 1812 2665 germano,
1832 2610 1860 2652 ct

241 2704 290 2738 non
309 2691 335 2738 in
354 2692 467 2752 passione
484 2690 577 2752 dispar,
597 2691 701 2750 gloriose
719 2689 830 2752 Andrca,
849 2691 893 2750 qui
912 2690 1084 2750 interpretaris
1103 2690 1192 2752 virilis,
1212 2691 1329 2753 quoniam
1347 2691 1452 2738 viriliter
1467 2690 1576 2751 sensati,
1596 2690 1724 2739 considera
1736 2691 1858 2749 gemitum

241 2775 349 2823 Airlcanl
368 2776 462 2838 populi,
483 2782 509 2824 ct
527 2788 576 2824 non
595 2775 726 2838 displiceat
744 2775 799 2836 tibi,
820 2776 865 2824 sed
883 2776 1008 2824 interveni
1027 2789 1071 2838 pro
1089 2776 1159 2825 nobis
1176 2777 1206 2824 ad
1225 2777 1315 2826 Deum.
1438 2774 1511 2824 lest
1528 2789 1576 2824 orn.
1597 2775 1619 2824 lt
1730 2789 1795 2836 qnae
1813 2790 1859 2824 ue-

242 2867 332 2910 nerunt
350 2862 395 2909 BL
402 2862 445 2924 Vp,
465 2875 515 2925 qna
530 2866 674 2910 euenerunt
691 2861 714 2909 B
817 2862 888 2911 nobis
905 2875 953 2909 orn.
973 2861 994 2907 V
1107 2860 1122 2909 5
1140 2862 1170 2909 ad
1189 2863 1359 2925 probationem
1377 2875 1426 2912 non
1445 2861 1482 2910 B.-
1502 2875 1551 2910 non
1569 2876 1617 2910 orn.
1639 2862 1692 2920 BV,
1713 2861 1744 2910 ad
1762 2862 1856 2924 probat.

241 2963 289 2997 cm.
309 2963 334 3008 p,
355 2960 404 2996 non
422 2949 452 2996 ad
470 2948 640 3010 probationem
659 2948 680 2995 L
698 2952 720 2996 et
738 2949 812 3008 ccipe
944 2946 961 2995 6
978 2948 1021 3010 qul
1040 2953 1067 2995 et
1083 2947 1140 2995 ΒΨ
1273 2947 1287 2994 7
1307 2949 1337 2996 ad
1356 2948 1576 3008 castigationemp
1697 2954 1724 2995 et
1740 2962 1789 2998 om.
1808 2962 1825 3007 p

242 3032 257 3081 8
275 3033 421 3096 dicaturque
438 3033 476 3082 cd.
491 3033 569 3082 Ruta.
675 3035 772 3094 ignoret
788 3035 850 3080 mci:
869 3034 967 3093 ignorat
984 3031 1022 3082 cd.
1037 3033 1094 3083 bor.
1114 3039 1138 3083 et
1155 3035 1229 3094 culpo
1332 3033 1347 3082 9
1365 3040 1391 3083 ct
1408 3048 1455 3081 om.
1472 3034 1493 3081 L
1600 3033 1630 3083 lo
1648 3035 1825 3096 uoloutibusp

241 3124 379 3180 precatores
397 3122 460 3168 coni.
482 3119 618 3167 Ruiourtua
724 3117 750 3167 il
772 3133 817 3181 per
834 3133 893 3167 eum
910 3118 965 3180 Bp.-
983 3133 1032 3169 orn.
1052 3119 1136 3178 ΒΜ
1159 3121 1299 3182 suppletum
1316 3124 1351 3168 cst
1369 3122 1396 3168 ln
1413 3119 1542 3168 annosum
1560 3119 1628 3168 tibris
1646 3124 1703 3168 teste
1721 3120 1856 3168 Buinortc:

241 3210 271 3253 nt
288 3205 357 3251 illurn
375 3218 418 3266 pro
436 3206 507 3254 nobis
525 3203 651 3266 deprecari
669 3206 816 3266 dignemini,
837 3206 880 3267 qui
899 3210 944 3254 etc.
1050 3206 1158 3255 humiles
1176 3212 1317 3269 peccatores
1336 3207 1357 3255 B
1473 3204 1503 3254 12
1522 3205 1656 3254 hunericus
1674 3205 1704 3266 B,
1726 3205 1860 3255 hunericus

244 3289 282 3351 lp
299 3294 322 3337 ct
338 3291 412 3350 culpo
515 3295 612 3352 septem
631 3296 657 3338 ct
674 3292 803 3340 mensibus
820 3307 837 3352 p
960 3290 990 3340 13
1009 3297 1087 3339 morte
1105 3292 1143 3353 Rp
1246 3307 1395 3341 consumans
1415 3291 1467 3351 LR,
1488 3297 1674 3340 consummatus
1685 3307 1707 3352 p
1811 3307 1860 3354 pn-

241 3373 348 3425 treiactr‘r
368 3375 389 3422 L
502 3376 610 3424 bulliens
631 3376 670 3437 Rp
792 3375 822 3425 14
840 3378 884 3425 sod
903 3383 929 3424 et
946 3377 1001 3437 Rp:
1021 3377 1064 3424 sed
1083 3377 1127 3425 BL
1135 3378 1161 3439 V,
1183 3379 1253 3428 Sicut
1270 3378 1307 3428 cd.
1329 3378 1405 3428 Ruin.
1525 3377 1555 3427 15
1574 3378 1636 3438 legis
1653 3377 1710 3427 (iata
1731 3377 1809 3438 (dator
1827 3376 1857 3437 Ll

242 3468 269 3510 et
286 3466 425 3510 transuerso
444 3475 487 3509 rex
508 3462 671 3520 (transuersor
688 3476 721 3510 ea
740 3462 769 3522 Li
790 3461 978 3510 donatianorum
1000 3462 1197 3522 (donationorum
1215 3465 1247 3526 Vl
1267 3466 1376 3514 heresim
1397 3464 1487 3525 (heresi
1502 3463 1531 3524 L)
1551 3463 1581 3511 ad
1599 3476 1641 3511 eos
1659 3464 1766 3511 ueniens
1783 3477 1861 3524 quorr-

242 3548 297 3595 dam
317 3547 424 3595 nicecius
443 3546 487 3594 BL
495 3546 532 3608 V1,
558 3547 621 3608 logie
644 3549 715 3597 datae
739 3555 904 3609 transgressor
921 3562 964 3596 rex
984 3548 1172 3598 donatianorum
1190 3551 1316 3599 heresium
1334 3550 1365 3599 ad
1382 3563 1425 3599 eos
1442 3551 1549 3599 ueniens
1567 3548 1691 3610 quondum
1709 3550 1809 3597 ncasius
1827 3549 1857 3609 li,

243 3633 286 3681 illa
304 3631 358 3692 iege
376 3634 432 3680 data
451 3640 477 3682 et
495 3639 635 3682 transuersa
653 3649 697 3682 rcs
716 3635 896 3682 donatistarum
915 3634 996 3683 heresi
1014 3636 1044 3683 ad
1062 3649 1103 3683 cos
1122 3637 1227 3684 uerriens
1245 3637 1367 3697 quorrdam
1386 3636 1495 3683 nicasius
1519 3635 1615 3685 Vcorr.
1628 3650 1662 3684 m.
1678 3636 1702 3693 9,
1723 3635 1785 3695 legis
1803 3634 1860 3683 dato

243 3721 407 3778 transgressor
424 3733 468 3767 rex
487 3718 586 3768 donatio
604 3734 724 3768 rrouarnm
742 3720 867 3768 heresium
886 3720 1028 3769 adueniens
1043 3722 1166 3783 qnondam
1184 3728 1213 3770 nt
1230 3725 1315 3770 asinus
1331 3738 1357 3783 p,
1379 3721 1441 3781 legis
1456 3721 1527 3769 datae
1538 3725 1704 3780 transgressor
1716 3721 1769 3770 Rex
1782 3735 1862 3783 quon·

241 3805 297 3852 daur
317 3812 345 3852 nt
362 3807 448 3853 asinius
466 3807 582 3868 sepultus
600 3811 653 3869 cst,
679 3807 715 3854 ita
733 3807 781 3854 istc
798 3805 836 3854 ed.
857 3805 932 3855 Boin.
953 3809 1109 3868 ineptissime.
1149 3809 1217 3868 (icoc
1232 3812 1288 3867 post
1305 3796 1505 3856 lamentationem
1526 3810 1550 3867 (ἕ
1566 3807 1676 3868 os-sn)
1698 3807 1729 3855 dc
1745 3807 1861 3855 Huoirici

241 3893 316 3938 risorie
337 3893 361 3947 (d
381 3892 419 3951 ii]
441 3892 534 3939 adiectu
552 3897 623 3952 sunt,
643 3897 727 3953 posteo
745 3890 831 3940 addita
848 3891 976 3951 videnter,
995 3898 1024 3941 ut
1040 3899 1102 3942 recte
1119 3897 1214 3942 monuit
1232 3893 1310 3954 Eburi,
1333 3893 1417 3944 Gcach.
1436 3893 1478 3941 der
1495 3893 1713 3943 wamel-tatem.
1735 3894 1861 3942 Liternina·

238 3992 266 4037 p.
280 3977 329 4024 tot
347 3980 399 4025 noi.
413 3979 446 4026 ³:
466 3976 531 4039 qued
549 3981 570 4026 ai
587 3992 671 4027 verum
688 3982 732 4036 cst,
752 3979 842 4026 notitia
860 3981 928 4041 quusi
945 3981 1113 4040 extemporalis
1131 3978 1161 4028 de
1172 3981 1215 4028 illo
1227 3979 1324 4028 Nicetis
1335 3982 1418 4028 minus
1429 3980 1493 4027 miro
1503 3977 1632 4029 videbitur.
1741 3977 1772 4028 16
1790 3980 1858 4027 brebi

241 4060 263 4107 Β
367 4062 442 4123 perlit
459 4075 562 4112 sxsurc.
583 4064 613 4123 B,
633 4064 717 4126 periit.
737 4075 839 4113 suamc.
859 4076 911 4113 urs.
933 4077 974 4114 111.
995 4063 1050 4127 up,·
1069 4064 1117 4113 BV
1132 4065 1307 4126 sumptione
1323 4068 1423 4123 curent,-
1442 4067 1469 4112 ia
1485 4065 1596 4113 ommibus
1608 4065 1787 4126 nichomedus
1803 4078 1860 4126 peo-

241 4150 277 4195 aio
300 4145 350 4194 VII
365 4151 511 4210 ammarum.
