4440 6276
364 448 405 510 aa
815 406 944 498 passm
964 441 1016 496 vn
1035 440 1250 496 rran'ruuvn
1270 456 1293 493 ο.
1314 446 1338 491 o.
1360 444 1374 489 r
1394 441 1407 507 i
1429 443 1467 492 a.
1492 444 1531 492 ro.

301 642 337 700 15
365 654 491 720 semper
521 634 581 699 fuit
609 652 683 718 spes
712 634 815 698 omnis
844 633 877 697 in
908 632 1005 716 ligno.
1053 631 1118 698 Sed
1148 651 1218 696 cum
1247 632 1281 696 in
1303 631 1384 696 mari
1406 631 1603 697 venerabilia
1623 650 1756 717 corpora
1777 631 1979 707 laetarentur,

364 738 457 818 ilico,
491 736 575 822 quod
598 744 706 802 contra
728 745 873 821 naturam
898 743 947 801 est
973 736 1138 819 aequoris,
1173 734 1285 800 cadem
1316 735 1394 799 hora
1422 734 1547 800 inlaesa
1575 754 1706 820 corpora
1734 735 1869 820 pelagus
1900 732 1983 799 litori

365 841 499 908 reddere
515 841 702 906 maturavit:
729 859 788 905 nec
801 860 915 905 ausum
933 838 1003 921 fuit,
1030 847 1064 905 ut
1079 839 1174 903 moris
1190 845 1249 921 est,
1275 838 1424 904 triduana
1439 837 1593 904 dilatione
1614 839 1648 903 in
1663 838 1819 924 profundo
1834 839 1981 904 retinere.

364 965 404 1009 ne
426 950 596 1029 praecepto
620 942 777 1007 dominico
803 942 932 1007 minime
961 942 1129 1027 paruisset.
1176 942 1227 1007 Ad
1256 942 1340 1025 quod
1370 942 1516 1007 miraculi
1545 962 1649 1026 genus
1677 950 1709 1007 et
1736 942 1805 1027 ipse
1827 949 1984 1025 tyrannus

364 1042 439 1113 licet
460 1046 679 1131 inpaenitcns‚
714 1052 748 1111 ut
769 1045 885 1128 fertur,
919 1046 1060 1130 expavit.
1107 1044 1260 1110 (laudens
1283 1054 1390 1112 autem
1421 1065 1504 1130 quae
1526 1045 1640 1112 aderat
1661 1044 1830 1111 multitudo
1854 1061 2017 1129 corporae

364 1157 544 1215 sanctorum
568 1155 742 1232 martyrum
767 1148 915 1232 diligenti
938 1148 1069 1214 tradidit
1097 1149 1299 1233 sepulturae,
1333 1158 1507 1233 praeeunte
1536 1150 1620 1215 clero
1650 1148 1825 1213 venerabili
1848 1148 1985 1212 Cartha-

363 1253 519 1337 giniensis
550 1252 706 1318 ecclesiae
719 1270 741 1314 :·
760 1251 813 1317 ubi
843 1253 938 1317 etiam
961 1259 994 1318 et
1015 1251 1223 1337 praedicandi
1248 1252 1416 1333 diacones,
1442 1252 1534 1318 tertio
1556 1253 1620 1318 iam
1644 1251 1841 1317 confessores
1864 1251 1980 1325 effecti,

364 1357 522 1422 Salutaris
546 1364 577 1421 et
599 1357 738 1437 Muritta,
765 1356 869 1439 garruli
891 1356 1095 1439 reliquiarum
1118 1356 1300 1421 adfuerunt.

300 1487 337 1544 16
450 1476 521 1541 Vll.
553 1477 714 1542 Humatae
743 1482 818 1541 sunt
845 1476 941 1558 igitur
963 1496 1033 1541 oum
1056 1477 1184 1559 hymnis
1207 1477 1416 1542 sollemnibus
1445 1476 1590 1561 lipsanae
1614 1477 1728 1542 beatae
1750 1483 1929 1541 sanctorum
1951 1476 1985 1540 in

364 1580 556 1645 monasterio
580 1579 703 1662 Biguae
726 1579 875 1661 contiguo
896 1578 1068 1661 basilicae,
1102 1601 1185 1661 quac
1216 1579 1330 1645 dicitur
1351 1581 1530 1646 Celerinae.
1577 1580 1618 1644 Et
1647 1580 1693 1645 sic
1722 1579 1755 1643 in
1785 1578 1984 1644 confessione
2005 1591 2034 1631 ¹⁰

363 1683 513 1749 trinitatis
536 1681 712 1748 beatissimi
741 1689 897 1766 martyres
919 1682 1007 1766 passi
1029 1689 1158 1748 suntet
1180 1684 1358 1767 speciosum
1382 1702 1507 1748 cursum
1530 1682 1714 1748 certaminis
1744 1683 1793 1747 sui
1816 1688 1985 1747 coronante

364 1786 490 1852 domino
513 1785 730 1871 perfecerunt:
758 1785 809 1849 cui
832 1791 881 1850 est
904 1785 1056 1850 honoret
1078 1785 1235 1868 gloriain
1259 1786 1390 1851 saecula
1413 1786 1622 1852 saeculorum.
1663 1787 1775 1851 Amen.

437 2117 444 2164 1
467 2118 548 2164 emula
566 2130 623 2178 spos
640 2131 657 2177 p
674 2122 697 2164 ct
713 2116 788 2176 culpo
921 2115 935 2163 3
953 2130 1030 2163 ausus
1049 2115 1071 2162 B
1089 2129 1152 2164 corr.
1172 2129 1199 2162 aa
1217 2129 1306 2164 ausum
1436 2117 1581 2164 dilatatione
1599 2117 1621 2165 t
1750 2116 1776 2163 iu
1796 2115 1917 2176 protunda
1932 2130 1950 2175 p

364 2203 477 2251 detinere
491 2203 528 2263 [ἐρ
627 2203 791 2264 blnpeuitua
807 2201 989 2263 [·tesrorr.)V
1084 2201 1386 2264 licbarthaginleusialt,
1400 2203 1597 2262 cambagiaeuats
1613 2203 1695 2263 (cart-J
1711 2201 1794 2262 13an
1892 2200 1985 2261 idya·

365 2290 434 2336 conia
453 2288 484 2349 ii,
503 2289 637 2349 dyacoulp
754 2289 828 2335 tertio
844 2301 929 2349 camp
1042 2289 1191 2335 corrlcssoris
1210 2288 1248 2349 itp
1363 2288 1515 2337 8morittae
1532 2288 1564 2350 u,
1584 2290 1700 2350 miritap
1813 2289 1950 2350 rellquicp

364 2374 380 2421 li
399 2374 521 2434 yuurisit
624 2374 744 2437 lypsanae
763 2372 864 2433 BLRV,
884 2373 987 2434 lypsana
1005 2375 1143 2435 reliquiep
1260 2375 1400 2435 10,Biguae
1418 2389 1466 2422 om.
1487 2374 1525 2436 itp
1634 2375 1791 2424 continuet
1894 2375 1983 2442 opteri·

365 2475 412 2509 uae
431 2460 461 2520 ii,
481 2459 588 2508 celerino
604 2475 631 2522 p,
651 2460 791 2508 celebrioae
811 2459 886 2519 utu,
906 2459 940 2520 rs.
962 2461 976 2506 1
994 2463 1011 2515 ,t
1029 2463 1044 2506 9
1172 2460 1201 2508 12
1220 2462 1311 2510 Amen.
1339 2462 1450 2522 Explicit
1468 2462 1571 2509 tristeris
1589 2463 1697 2510 africana
1714 2461 1741 2519 V,
1760 2464 1851 2510 Amen.
1872 2461 1984 2521 Explicit

365 2549 428 2595 iiber
445 2552 549 2609 quartas
565 2561 582 2608 p
