4440 6276
1023 367 1168 422 coulpe!

674 559 837 624 sternebat
857 559 1020 623 Romanus
1043 578 1141 640 eques
1164 557 1326 640 victorque
1348 558 1500 635 necabat,

675 684 745 728 cum
768 661 874 727 subito
897 661 1018 726 stutias
1040 660 1156 725 mediis
1179 681 1197 726 e
1220 659 1359 725 vallibus
1381 668 1472 725 atrox

675 766 770 849 signa
792 784 924 830 movens
946 763 1076 829 inimica
1099 764 1176 831 ruit.
1203 764 1385 847 crimenque
1408 764 1510 829 Latini

674 868 811 934 nominis
834 867 1052 951 Hermogenes
1074 867 1193 952 pariter
1214 869 1404 950 Taurusque
1426 866 1578 932 feruntur.

676 972 735 1037 hos
756 972 900 1054 sequitur
922 973 1065 1036 Romana
1087 991 1218 1050 manus,
1244 991 1306 1035 non
1329 978 1454 1052 nostra,
1481 972 1629 1036 rebelles.

568 1123 573 1135 .
675 1083 750 1140 tune
772 1075 884 1140 iterum
908 1074 1034 1139 miseris
1058 1073 1176 1158 pariter
1197 1093 1382 1139 concurrere
1404 1074 1479 1139 telis

676 1186 710 1244 et
730 1178 850 1243 bellum
873 1177 968 1242 ciuile
991 1177 1099 1243 datum
1123 1185 1182 1242 est.
1230 1183 1366 1259 cognata
1388 1184 1537 1261 petuntur

675 1289 820 1366 pectora,
853 1280 996 1363 cognatis
1019 1280 1194 1345 funduntur
1216 1280 1340 1345 viscera
1362 1280 1493 1346 dextris.

675 1384 898 1468 magnanimus
920 1384 1042 1449 Stutiae
1065 1384 1212 1467 cognovit
1233 1384 1328 1467 signa
1349 1384 1508 1448 lohannes

675 1489 814 1574 primus,
841 1495 873 1553 et
895 1487 1010 1553 inflexo
1033 1496 1142 1553 contra
1164 1487 1252 1552 stetit
1274 1487 1375 1552 acrior
1396 1507 1483 1552 arcu.

676 1598 709 1657 at
732 1591 811 1656 socii
832 1591 953 1676 petiere
977 1591 1105 1674 fugam,
1132 1590 1312 1673 faciemque
1335 1590 1469 1656 furentis

676 1716 735 1760 nee
757 1702 887 1779 potuere
909 1695 987 1778 pati.
1034 1714 1131 1759 nervo
1152 1702 1258 1759 tamen
1281 1694 1337 1760 ille
1361 1694 1512 1777 sagittam

675 1798 828 1883 imposuit
850 1798 1039 1880 ductamque
1062 1818 1122 1863 sua
1143 1798 1302 1881 gravitate
1324 1797 1456 1862 remisit.

675 1921 794 1986 perque
816 1901 920 1966 femur
941 1900 1013 1966 duri
1033 1901 1181 1966 transivit
1202 1901 1326 1965 arundo
1349 1901 1476 1985 tyranni

676 2004 879 2087 eonii-ingens
901 2023 937 2068 os
960 2005 1054 2089 pulsa
1075 2003 1153 2069 feri.
1180 2004 1355 2087 mollesque
1377 2004 1537 2069 medullas

676 2107 823 2192 contigit,
850 2115 882 2172 et
903 2127 1028 2172 mersae
1051 2107 1224 2172 rubuerunt
1245 2107 1404 2189 sanguine
1427 2107 1554 2192 pinnae.

676 2211 791 2277 emieat
812 2210 888 2276 inde
910 2232 1020 2288 eruor,
1047 2217 1216 2293 vestesque
1239 2210 1382 2294 aspergit
1404 2209 1533 2275 heriles.

676 2314 805 2380 saucius
827 2322 860 2379 at
882 2313 1021 2394 Statius,
1047 2314 1137 2378 letali
1159 2314 1290 2378 vulnere
1313 2313 1432 2378 rietus.

676 2417 766 2485 flexit
788 2438 903 2500 equum
927 2424 999 2502 post
1019 2423 1112 2500 terga
1133 2416 1244 2499 fugax.
1291 2417 1376 2482 huno
1397 2424 1498 2483 morte
1520 2418 1686 2483 cadentem

676 2521 855 2606 suscipiunt
875 2520 952 2586 socii
975 2519 1138 2602 densaque
1161 2520 1220 2585 sub
1243 2519 1356 2585 arbore
1378 2527 1507 2606 ponunt.

761 2624 935 2709 respiciens
957 2623 1058 2690 victor
1079 2624 1183 2688 socios
1205 2644 1263 2708 per
1283 2630 1376 2708 prata
1398 2624 1530 2706 fugaces

676 2728 772 2809 vidit,
798 2737 830 2793 et
851 2728 1026 2793 immensus
1049 2726 1139 2793 duris
1162 2727 1252 2792 dolor
1274 2728 1400 2794 ossibus
1423 2729 1510 2794 arsit.

675 2840 750 2898 tunc
771 2832 871 2898 tristis
894 2851 1066 2914 casumque
1089 2830 1200 2897 dolens
1223 2831 1269 2895 sic
1291 2851 1369 2896 voce
1392 2839 1530 2898 secutus.

679 2954 790 3017 ·quem
814 2933 941 3019 lugitis,
968 2934 1066 2999 socii?
1109 2941 1217 2999 vestra
1239 2941 1289 2999 est
1310 2934 1460 3015 victoria,
1487 2936 1584 3001 cives.

675 3039 740 3104 iarn
763 3038 884 3104 Stntias
907 3044 1016 3104 nostra
1039 3037 1182 3103 confixus
1205 3037 1361 3103 arundine
1387 3039 1506 3105 bellum

567 3190 572 3201 .
675 3142 835 3224 deseruit,
860 3149 1036 3227 prostratus
1057 3141 1158 3205 humi.
1204 3142 1379 3208 convertite
1405 3142 1508 3225 signa.

674 3266 737 3329 quo
759 3245 871 3311 ruitis?
914 3264 977 3328 quo
999 3264 1056 3309 vos
1078 3245 1178 3309 saturn
1200 3244 1384 3310 miserabile
1406 3244 1513 3311 ducit?

675 3347 755 3424 beu,
780 3348 881 3414 uirtus
904 3350 1063 3429 Romana,
1089 3349 1211 3434 peris!'
1258 3348 1304 3413 sie
1326 3348 1458 3415 vocibus
1480 3349 1536 3416 ille

676 3451 826 3535 culpabat
847 3450 983 3536 pavidas
1005 3452 1142 3518 fatorum
1166 3459 1250 3517 sorte
1273 3459 1428 3518 catervas.

676 3553 734 3619 sed
756 3554 864 3619 nullus
886 3561 958 3639 post
978 3563 1070 3637 terga
1094 3555 1185 3620 redit.
1234 3555 1395 3621 Maurusia
1419 3556 1519 3622 virtus

676 3657 892 3741 persequitur,
919 3657 1122 3742 trepidosque
1144 3679 1241 3743 super
1262 3665 1308 3723 tet
1328 3659 1417 3723 milia
1439 3667 1578 3725 currunt.

762 3762 875 3828 alveus
897 3763 1000 3828 amnis
1023 3770 1091 3828 erat
1113 3762 1228 3828 mediis
1251 3771 1439 3848 praeruptus
1461 3764 1493 3828 in
1516 3763 1618 3828 arvis.

677 3874 809 3948 utraque
832 3872 989 3949 cognatae
1012 3866 1165 3930 dirimens
1187 3866 1323 3931 continia
1344 3873 1459 3932 terrae.

675 3969 786 4036 incidit
807 3970 859 4035 bio
881 3969 1018 4052 fugitiva
1039 3990 1153 4034 manus
1175 3969 1347 4052 mortisque
1369 3991 1487 4054 pavore

676 4093 733 4158 per
754 4073 840 4157 ripas
863 4072 1029 4155 fossasque
1053 4072 1149 4138 cadit.
1196 4072 1381 4138 miserabile
1404 4074 1501 4138 letum

550 4197 581 4235 «s
676 4175 829 4240 nascitur.
875 4175 955 4243 heu.
981 4177 1115 4241 miseros
1138 4175 1263 4260 pondus
1286 4176 1380 4241 cirile
1403 4185 1575 4260 perurguet

676 4279 866 4362 hostilisque
887 4286 1003 4345 metus.
1051 4279 1167 4344 multos
1189 4279 1221 4344 in
1244 4279 1310 4345 tela
1331 4280 1499 4345 crulentum

676 4382 815 4467 impetus
835 4383 906 4467 ipse
928 4381 1034 4463 dedit,
1061 4383 1196 4468 propriis
1218 4382 1311 4447 modo
1333 4390 1462 4468 pectora
1484 4385 1585 4449 contis

676 4486 905 4565 transfodiunt,
932 4486 1157 4568 dominumque
1181 4507 1276 4571 super
1298 4487 1474 4571 crepitante
1496 4488 1586 4552 ruina

677 4590 767 4655 fortis
789 4611 890 4673 equus
912 4590 1045 4656 veniens
1067 4590 1198 4655 immani
1221 4590 1361 4674 pondere
1384 4591 1512 4673 frangit.

677 4693 723 4758 sie
745 4693 840 4779 periit
861 4693 1044 4759 miseranda
1066 4714 1180 4759 manus
1203 4694 1341 4777 victique
1367 4694 1495 4760 tribuni.

677 4797 742 4863 dux
766 4797 859 4863 simul

1293 5005 1463 5069 llarturius
1485 5005 1552 5070 illis

676 5108 731 5172 vix
754 5108 856 5193 potuit
876 5114 1032 5193 temptare
1055 5108 1176 5192 lugam.
1224 5109 1393 5174 moriturus
1415 5108 1448 5172 in
1471 5108 1579 5174 hostes

677 5232 747 5277 eum
770 5232 871 5296 parra
892 5211 955 5276 ruit
975 5212 1032 5277 ille
1055 5232 1162 5277 manu.
1209 5212 1338 5277 fortuna
1363 5213 1499 5278 salutem

676 5315 836 5401 praestitit
857 5316 1006 5397 audenti,
1032 5316 1174 5400 duraque
1198 5337 1215 5381 e
1238 5324 1337 5381 morte
1359 5316 1490 5382 levarit.

360 5521 405 5572 161
427 5523 626 5584 e.uaza.‚etr
721 5525 770 5575 166
788 5528 865 5575 latum
880 5526 900 5573 Τ
996 5525 1044 5574 rto
1061 5526 1183 5581 efflabit..
1204 5542 1232 5574 ae
1246 5526 1266 5572 T
1361 5525 1409 5574 172
1428 5542 1475 5575 sua
1492 5526 1550 5575 aua
1566 5524 1643 5573 lieet.

652 5611 699 5662 152
718 5614 754 5661 sie
771 5616 864 5674 seipsi,
885 5627 912 5661 re
935 5614 962 5672 Τ,
983 5619 1021 5661 est
1040 5612 1118 5661 lluzz.
1238 5612 1280 5663 lut
1304 5615 1401 5663 medius
1423 5615 1443 5660 T
1554 5611 1600 5661 aot
1623 5610 1799 5661 humidorum
1815 5624 1915 5673 mm,

289 5695 375 5756 quibus
392 5711 457 5745 uzon
476 5696 592 5745 totenais
609 5699 755 5748 uemobelur
857 5698 907 5749 202
927 5700 1064 5748 meriturus
1084 5699 1106 5747 Τ

288 5607 379 5657 durum
399 5609 535 5658 Memorem

1742 5522 1789 5573 lta
1806 5525 1865 5575 duri
1881 5528 1915 5583 Τ,
