4440 6276
1030 399 1177 453 coslrrl

680 588 866 665 aunuum,
893 589 1045 653 Armenia
1065 588 1163 653 iacuit
1184 587 1240 670 qui
1261 608 1300 652 ex
1324 587 1424 651 caede
1447 588 1596 652 volutus?

680 712 785 757 noune
807 692 921 776 epulas
941 692 1025 757 inter
1046 691 1099 757 vel
1121 691 1224 756 festae
1246 690 1360 775 pocula
1382 709 1513 755 mensae

680 795 817 861 exsoluit
838 795 969 860 meritas
990 815 1047 880 pro
1069 795 1169 861 fracto
1191 794 1320 860 foedere
1342 800 1484 878 poenas?

679 898 756 982 quid
778 898 914 963 Statium
937 898 1073 964 referam
1095 898 1283 983 profugum,
1308 904 1355 962 tot
1374 896 1519 981 partibus
1541 897 1628 962 orbis

554 1026 584 1057 :r
679 1009 855 1081 errantem,
883 1001 959 1067 dnm
981 1002 1082 1066 multa
1103 1001 1208 1086 cupit,
1234 1000 1310 1066 dum
1332 1021 1417 1065 vana
1438 1000 1586 1083 requirit,

679 1125 793 1170 numen
816 1105 934 1171 babere
956 1105 1067 1171 voleus
1088 1105 1206 1170 iniusto
1228 1104 1330 1169 Marte
1350 1103 1502 1188 tyranni?

679 1227 759 1292 quas
782 1208 904 1292 Libyae
926 1208 1054 1289 clades,
1080 1227 1160 1291 quos
1181 1207 1331 1291 gentibus
1352 1207 1409 1272 illc
1432 1206 1555 1272 furores

679 1310 822 1376 addidit!
871 1318 927 1376 eut
948 1318 1066 1394 quanto
1087 1310 1262 1375 maculavit
1282 1309 1440 1393 sunguine
1461 1309 1595 1375 serrum!

680 1413 802 1479 tardius
822 1414 881 1480 illc
902 1414 994 1496 licet,
1020 1413 1120 1498 digna
1142 1414 1201 1479 sed
1223 1421 1322 1479 morte
1344 1420 1528 1498 peremptus

554 1539 584 1573 ..a
680 1517 844 1599 occubuit,
870 1517 1050 1601 crimenque
1073 1519 1168 1583 simul
1190 1536 1373 1602 poenasque
1395 1516 1577 1600 resumpsit.

679 1620 809 1687 cernitis
831 1640 925 1705 ergo,
952 1621 1029 1701 uiri,
1056 1629 1207 1705 qnantum
1231 1621 1359 1685 fortuna
1380 1620 1503 1686 laboret

679 1723 874 1808 principibus
896 1744 1024 1790 servare
1045 1724 1161 1793 fidem.
1186 1730 1404 1808 quantumque
1426 1725 1567 1790 secundo

679 1827 780 1893 llarte
801 1835 894 1911 gerat
913 1836 1013 1894 totum
1037 1828 1187 1893 Romanis
1210 1827 1347 1892 subdere
1368 1827 1533 1893 mundum.

679 1950 755 2013 ergo
776 1931 881 2014 agite,
907 1938 940 1997 et
960 1931 1039 1996 belli
1061 1930 1140 1996 socii
1161 1930 1312 2014 civesque
1333 1930 1463 2011 fideles,

678 2032 809 2118 pandite
830 2033 965 2117 quisque
988 2052 1064 2099 suas
1085 2033 1120 2098 in
1142 2040 1253 2117 aperta
1275 2034 1418 2117 pericula
1439 2033 1542 2113 vires,

678 2137 820 2201 Romano
842 2135 883 2202 de
906 2156 992 2202 more
1014 2136 1076 2221 pii,
1101 2142 1278 2220 gentesque
1300 2137 1460 2220 malignas

677 2239 826 2324 rumpite.
871 2246 1064 2323 cognoscant
1086 2239 1195 2325 populi
1217 2258 1373 2322 regesque
1396 2240 1536 2323 subacti,

678 2363 761 2425 cquae
783 2344 878 2409 rebus
899 2342 1001 2408 virtus
1023 2350 1055 2409 et
1077 2362 1159 2427 quse
1183 2343 1225 2408 sit
1245 2342 1351 2427 gloria
1372 2343 1405 2407 in
1427 2343 1536 2408 armis.

677 2445 814 2523 cernite,
840 2446 900 2512 sub
922 2447 1050 2531 quantis
1072 2447 1200 2512 iaceant
1219 2466 1304 2512 nuno
1326 2447 1419 2530 signa
1441 2446 1587 2530 periclis,

570 2595 574 2607 ·
678 2554 711 2615 et
732 2548 883 2632 vigilate,
910 2550 980 2614 viri.
1028 2549 1143 2615 mediis
1164 2549 1300 2616 tentoria
1321 2549 1442 2615 Mauris

678 2653 849 2718 vallantur.
898 2653 1014 2719 virtute
1037 2654 1127 2719 salus
1148 2651 1322 2737 gladioque
1344 2653 1485 2737 petenda
1505 2661 1566 2719 est.

678 2755 862 2822 coniunctos
884 2756 978 2822 lateri
1000 2763 1108 2821 nostro
1128 2775 1208 2839 quos
1230 2755 1336 2823 eredis
1358 2757 1479 2822 amicos

677 2865 871 2944 pacatosque
893 2866 1005 2945 putas,
1031 2878 1109 2925 cusu
1132 2861 1338 2944 speculantur
1359 2859 1393 2924 in
1414 2859 1485 2926 isto.

678 2962 706 3028 si
728 2962 827 3028 uictor
848 2964 1010 3029 Romanus
1033 2962 1109 3042 erit,
1136 2963 1349 3044 famulantur,
1374 2960 1527 3041 adorant,

552 3111 557 3122 -
677 3073 709 3132 et
731 3067 801 3132 sola
823 3067 882 3132 hos
903 3065 1001 3132 r'ueiet
1022 3065 1135 3132 victrix
1157 3065 1284 3131 fortuna
1305 3065 1419 3132 fideles

677 3177 912 3254 conceptusque
934 3170 1039 3236 timor.
1086 3189 1171 3234 nunc
1192 3189 1277 3234 nunc
1297 3169 1471 3253 insurgite,
1499 3169 1596 3234 cives.

677 3273 758 3338 haec
779 3280 846 3355 est,
873 3292 955 3356 quse
977 3273 1124 3357 geminas
1146 3272 1274 3356 franget
1294 3273 1427 3338 victoria
1448 3280 1566 3357 partes.

677 3375 712 3440 hi
733 3374 842 3459 gladio
864 3383 1014 3460 pereant,
1040 3376 1098 3441 hos
1120 3375 1221 3440 virtus
1243 3381 1362 3440 terreat
1384 3375 1503 3441 hostes.

677 3477 737 3559 ite,
764 3477 879 3558 duces,
905 3498 1117 3563 numerosque
1139 3478 1219 3545 locis
1241 3478 1418 3562 componite
1442 3478 1559 3543 vestris

552 3603 564 3642 a
678 3581 813 3665 quisque
836 3601 920 3647 suos.
968 3582 1104 3667 propriis
1125 3581 1277 3647 incedant
1298 3580 1393 3663 signa
1414 3580 1581 3665 maniplis,

678 3692 712 3750 et
732 3685 814 3751 bene
835 3685 1031 3770 compositas
1054 3685 1141 3750 acies
1162 3685 1196 3749 in
1219 3684 1342 3770 proelis
1364 3683 1471 3749 lerte'.

763 3786 905 3869 ffixerut,
931 3795 964 3853 et
985 3789 1070 3854 saltu
1093 3807 1165 3853 sese
1188 3806 1285 3872 super
1305 3787 1408 3852 ardua
1429 3794 1521 3870 terga

677 3890 854 3976 composuit
876 3891 1022 3958 sublatus
1044 3891 1128 3975 equi.
1177 3909 1311 3956 sonuere
1333 3890 1465 3956 verendi

677 4014 767 4060 arma
788 3993 866 4075 viri,
893 3994 1058 4078 cassisque
1081 4014 1162 4059 novo
1186 3993 1356 4078 splendore
1377 4013 1549 4059 coruscans

677 4097 744 4162 sole
766 4116 952 4181 repercusso
974 4097 1083 4164 radios
1104 4097 1139 4162 in
1161 4096 1283 4162 lumina
1305 4096 1409 4162 misit.

661 4200 856 4283 ‚loricaeque
879 4201 972 4265 iubar
992 4200 1123 4266 rutilum
1150 4221 1207 4285 per
1229 4207 1336 4266 castra
1357 4199 1505 4266 cucurrit.

676 4323 738 4367 non
761 4303 855 4369 aliter
877 4303 979 4368 nubes
1002 4323 1143 4393 convexo
1168 4304 1311 4388 margine
1334 4303 1419 4369 caeli

676 4425 835 4472 murmure
858 4412 943 4471 mota
964 4426 1062 4486 novo,
1088 4407 1229 4473 medium
1252 4407 1328 4472 dum
1350 4406 1454 4489 tangit
1476 4406 1666 4490 Olympum,
1778 4428 1782 4433 ’

675 4509 800 4574 intonat
821 4515 853 4575 et
875 4510 979 4575 subito
1002 4509 1148 4575 flammas
1171 4531 1229 4595 per
1250 4510 1362 4574 nubila
1383 4510 1497 4576 vibrat.

568 4658 573 4673 .
675 4618 751 4678 tunc
772 4632 882 4679 omnes
906 4614 1033 4679 saluere
1056 4614 1154 4679 duces
1177 4632 1349 4696 omnesque
1372 4612 1500 4678 tribuni.

676 4724 748 4801 post
767 4717 893 4782 imitata
916 4718 1027 4782 cohors
1049 4716 1166 4782 validis
1188 4716 1343 4782 incumbit
1363 4716 1398 4781 in
1419 4716 1521 4781 hastis

676 4820 963 4904 quadrupedesque
986 4820 1111 4904 premit.
1159 4820 1280 4885 saliens
1303 4839 1399 4905 super
1421 4819 1525 4885 ardua
1547 4819 1624 4885 celsi

676 4923 760 4988 colla
781 4930 918 4989 retentat
940 4924 1025 5007 equi.
1073 4923 1202 5007 sonipes
1225 4925 1310 4988 celer
1332 4942 1470 5006 aequore
1493 4930 1557 4989 toto

676 5034 840 5111 oppugnat
862 5027 976 5106 frenis,
1004 5026 1118 5092 dextra
1140 5026 1297 5109 laevaque
1320 5047 1377 5111 per
1398 5027 1529 5092 herbas·

531 5151 578 5190 ru·
677 5129 860 5196 subsiliens.
908 5131 1052 5213 colloque
1075 5148 1188 5194 manus
1212 5129 1287 5194 dum
1310 5130 1407 5194 sentit
1430 5128 1566 5209 beriles,

675 5233 797 5317 gaudet
818 5241 851 5300 et
872 5233 905 5298 in
927 5234 1011 5299 latos
1034 5234 1172 5301 luctatur
1194 5252 1319 5298 currere
1341 5253 1480 5318 campos.

299 5385 665 5406 „-‚-.........—-..-..
681 5386 698 5392 -

358 5459 406 5508 lli
426 5463 528 5510 laste?
624 5461 674 5510 434
693 5467 770 5508 marte
783 5460 955 5522 perbeutusT
1054 5459 1103 5509 435
1122 5459 1273 5508 incubuitT
1371 5460 1421 5509 440
1440 5460 1542 5506 uirosT
1638 5458 1688 5507 443
1706 5459 1850 5508 inarmis!
1865 5475 1913 5522 ru„

288 5547 374 5594 mertis
393 5550 409 5594 9
426 5548 505 5598 m.T
617 5547 667 5595 444
687 5546 808 5595 ceniteT
912 5547 1009 5595 luceant
1027 5547 1113 5608 Buce„
1135 5547 1268 5594 iactautT
1379 5545 1428 5594 447
1447 5546 1575 5593 coniuncti
1594 5543 1672 5593 ulau.
1786 5543 1839 5595 452
1857 5548 1913 5595 ulr-

287 5633 444 5694 torlapurtas
461 5633 481 5679 Τ
574 5632 623 5681 lul
642 5634 726 5681 loclT
819 5631 865 5682 lul
887 5634 1028 5681 cocurrltT
1123 5634 1172 5682 465
1192 5635 1287 5681 saluere
1303 5634 1386 5693 netu,
1401 5631 1529 5679 siluereT
1624 5630 1674 5680 466
1692 5631 1787 5680 ualidus
1799 5632 1876 5685 Μὰ.

287 5719 371 5768 brutas
390 5718 463 5768 Belclr.
569 5719 618 5769 467
638 5732 714 5783 super
733 5718 874 5778 Mommsen,
896 5734 952 5784 pars
975 5721 995 5769 Τ
1097 5720 1144 5775 471
1166 5722 1276 5775 luctatur
1293 5720 1378 5783 Belle„
1393 5718 1487 5766 luctatu
1511 5718 1538 5779 T,
1558 5716 1759 5772 lactucarum.
