<?xml version="1.0" encoding="UTF-8"?>
<!DOCTYPE html PUBLIC "-//W3C//DTD XHTML 1.0 Transitional//EN"
    "http://www.w3.org/TR/xhtml1/DTD/xhtml1-transitional.dtd">
<html xmlns="http://www.w3.org/1999/xhtml" xml:lang="en" lang="en">
 <head>
  <title>
</title>
<meta http-equiv="Content-Type" content="text/html;charset=utf-8" />
  <meta name='ocr-system' content='tesseract 3.04.00' />
  <meta name='ocr-capabilities' content='ocr_page ocr_carea ocr_par ocr_line ocrx_word'/>
</head>
<body>
  <div class='ocr_page' id='page_1' title='image "./victorisvitensi00victgoog_0233.png"; bbox 0 0 4440 6276; ppageno 0'>
   <div class='ocr_carea' id='block_1_1' title="bbox 1029 415 1175 470">
    <p class='ocr_par' dir='ltr' id='par_1_1' title="bbox 1029 415 1175 470">
     <span class='ocr_line' id='line_1_1' title="bbox 1029 415 1175 470; baseline 0 -1"><span class='ocrx_word' id='word_1_1' title='bbox 1029 415 1175 470; x_wconf 67' lang='grc' dir='ltr'><strong>11011ΙΡΡ1</strong></span> 
     </span>
    </p>
   </div>
   <div class='ocr_carea' id='block_1_2' title="bbox 582 602 1714 3875">
    <p class='ocr_par' dir='ltr' id='par_1_2' title="bbox 677 602 1714 3151">
     <span class='ocr_line' id='line_1_2' title="bbox 677 602 1426 688; baseline 0.001 -20"><span class='ocrx_word' id='word_1_2' title='bbox 677 604 775 668; x_wconf 85' lang='lat' dir='ltr'><strong>huius</strong></span> <span class='ocrx_word' id='word_1_3' title='bbox 797 612 829 668; x_wconf 93' lang='lat' dir='ltr'><strong>et</strong></span> <span class='ocrx_word' id='word_1_4' title='bbox 851 604 973 669; x_wconf 83' lang='lat' dir='ltr'><strong>auxilio</strong></span> <span class='ocrx_word' id='word_1_5' title='bbox 995 623 1129 688; x_wconf 85' lang='lat' dir='ltr'><strong>sperans</strong></span> <span class='ocrx_word' id='word_1_6' title='bbox 1152 622 1187 667; x_wconf 89' lang='lat' dir='ltr'><strong>se</strong></span> <span class='ocrx_word' id='word_1_7' title='bbox 1210 622 1304 688; x_wconf 87' lang='lat' dir='ltr'><strong>posse</strong></span> <span class='ocrx_word' id='word_1_8' title='bbox 1327 602 1426 669; x_wconf 89' lang='lat' dir='ltr'><strong>tueri.</strong></span> 
     </span>
     <span class='ocr_line' id='line_1_3' title="bbox 678 705 1506 791; baseline 0 -20"><span class='ocrx_word' id='word_1_9' title='bbox 678 707 881 791; x_wconf 82' lang='lat' dir='ltr'>cornipedem</span> <span class='ocrx_word' id='word_1_10' title='bbox 906 706 1017 772; x_wconf 83' lang='lat' dir='ltr'>infelix</span> <span class='ocrx_word' id='word_1_11' title='bbox 1042 706 1204 789; x_wconf 75' lang='lat' dir='ltr'><strong>geminam</strong></span> <span class='ocrx_word' id='word_1_12' title='bbox 1226 706 1366 790; x_wconf 87' lang='lat' dir='ltr'><strong>pondere</strong></span> <span class='ocrx_word' id='word_1_13' title='bbox 1389 705 1506 790; x_wconf 78' lang='lat' dir='ltr'><strong>pressit</strong></span> 
     </span>
     <span class='ocr_line' id='line_1_4' title="bbox 679 809 1550 894; baseline -0.001 -20"><span class='ocrx_word' id='word_1_14' title='bbox 679 809 878 894; x_wconf 78' lang='lat' dir='ltr'><strong>impediens,</strong></span> <span class='ocrx_word' id='word_1_15' title='bbox 905 817 1101 891; x_wconf 79' lang='lat' dir='ltr'><strong>mortemque</strong></span> <span class='ocrx_word' id='word_1_16' title='bbox 1123 809 1184 873; x_wconf 78' lang='lat' dir='ltr'><strong>stoi</strong></span> <span class='ocrx_word' id='word_1_17' title='bbox 1207 809 1303 873; x_wconf 90' lang='lat' dir='ltr'><strong>nriser</strong></span> <span class='ocrx_word' id='word_1_18' title='bbox 1325 809 1394 893; x_wconf 89' lang='lat' dir='ltr'><strong>ipse</strong></span> <span class='ocrx_word' id='word_1_19' title='bbox 1418 809 1550 874; x_wconf 82' lang='lat' dir='ltr'><strong>resumit</strong></span> 
     </span>
     <span class='ocr_line' id='line_1_5' title="bbox 680 908 1714 994; baseline 0 -19"><span class='ocrx_word' id='word_1_20' title='bbox 680 911 825 994; x_wconf 90' lang='lat' dir='ltr'><strong>quisquis</strong></span> <span class='ocrx_word' id='word_1_21' title='bbox 848 912 876 976; x_wconf 89' lang='lat' dir='ltr'><strong>is</strong></span> <span class='ocrx_word' id='word_1_22' title='bbox 899 920 965 991; x_wconf 90' lang='lat' dir='ltr'><strong>est,</strong></span> <span class='ocrx_word' id='word_1_23' title='bbox 992 933 1103 993; x_wconf 82' lang='lat' dir='ltr'><strong>quem,</strong></span> <span class='ocrx_word' id='word_1_24' title='bbox 1131 932 1231 979; x_wconf 80' lang='lat' dir='ltr'><strong>uarro.</strong></span> <span class='ocrx_word' id='word_1_25' title='bbox 1258 909 1354 988; x_wconf 77' lang='lat' dir='ltr'><strong>eolis,</strong></span> <span class='ocrx_word' id='word_1_26' title='bbox 1380 908 1466 990; x_wconf 72' lang='lat' dir='ltr'><strong>«quod</strong></span> <span class='ocrx_word' id='word_1_27' title='bbox 1487 909 1637 990; x_wconf 85' lang='lat' dir='ltr'><strong>gentibus</strong></span> <span class='ocrx_word' id='word_1_28' title='bbox 1658 910 1714 975; x_wconf 87' lang='lat' dir='ltr'><strong>ille</strong></span> 
     </span>
     <span class='ocr_line' id='line_1_6' title="bbox 681 1013 1530 1098; baseline -0.001 -20"><span class='ocrx_word' id='word_1_29' title='bbox 681 1013 895 1098; x_wconf 87' lang='lat' dir='ltr'><strong>praesidium.</strong></span> <span class='ocrx_word' id='word_1_30' title='bbox 922 1035 1004 1097; x_wconf 71' lang='lat' dir='ltr'><strong>«puae</strong></span> <span class='ocrx_word' id='word_1_31' title='bbox 1028 1014 1128 1095; x_wconf 79' lang='lat' dir='ltr'><strong>(ligna</strong></span> <span class='ocrx_word' id='word_1_32' title='bbox 1148 1013 1205 1078; x_wconf 86' lang='lat' dir='ltr'><strong>tibi</strong></span> <span class='ocrx_word' id='word_1_33' title='bbox 1229 1013 1349 1076; x_wconf 87' lang='lat' dir='ltr'><strong>solacia</strong></span> <span class='ocrx_word' id='word_1_34' title='bbox 1371 1017 1530 1095; x_wconf 75' lang='lat' dir='ltr'><strong>praestat.</strong></span> 
     </span>
     <span class='ocr_line' id='line_1_7' title="bbox 681 1114 1652 1197; baseline 0 -19"><span class='ocrx_word' id='word_1_35' title='bbox 681 1115 757 1180; x_wconf 90' lang='lat' dir='ltr'><strong>dum</strong></span> <span class='ocrx_word' id='word_1_36' title='bbox 780 1122 814 1179; x_wconf 89' lang='lat' dir='ltr'><strong>tu</strong></span> <span class='ocrx_word' id='word_1_37' title='bbox 837 1123 937 1180; x_wconf 87' lang='lat' dir='ltr'><strong>morte</strong></span> <span class='ocrx_word' id='word_1_38' title='bbox 960 1115 1067 1185; x_wconf 84' lang='lat' dir='ltr'><strong>cadis.</strong></span> <span class='ocrx_word' id='word_1_39' title='bbox 1094 1116 1170 1181; x_wconf 89' lang='lat' dir='ltr'><strong>dum</strong></span> <span class='ocrx_word' id='word_1_40' title='bbox 1193 1116 1350 1197; x_wconf 85' lang='lat' dir='ltr'><strong>frangitur·</strong></span> <span class='ocrx_word' id='word_1_41' title='bbox 1372 1114 1428 1179; x_wconf 92' lang='lat' dir='ltr'><strong>ille</strong></span> <span class='ocrx_word' id='word_1_42' title='bbox 1451 1132 1508 1196; x_wconf 91' lang='lat' dir='ltr'><strong>per</strong></span> <span class='ocrx_word' id='word_1_43' title='bbox 1530 1115 1652 1178; x_wconf 85' lang='lat' dir='ltr'><strong>lrostes.</strong></span> 
     </span>
     <span class='ocr_line' id='line_1_8' title="bbox 682 1217 1605 1283; baseline -0.001 -1"><span class='ocrx_word' id='word_1_44' title='bbox 682 1217 757 1283; x_wconf 92' lang='lat' dir='ltr'><strong>durn</strong></span> <span class='ocrx_word' id='word_1_45' title='bbox 781 1217 920 1283; x_wconf 86' lang='lat' dir='ltr'><strong>conllant</strong></span> <span class='ocrx_word' id='word_1_46' title='bbox 941 1218 1078 1283; x_wconf 89' lang='lat' dir='ltr'><strong>nitidum</strong></span> <span class='ocrx_word' id='word_1_47' title='bbox 1101 1217 1230 1282; x_wconf 80' lang='lat' dir='ltr'><strong>flamina</strong></span> <span class='ocrx_word' id='word_1_48' title='bbox 1252 1219 1394 1282; x_wconf 74' lang='lat' dir='ltr'><strong>solvente</strong></span> <span class='ocrx_word' id='word_1_49' title='bbox 1417 1218 1605 1283; x_wconf 73' lang='lat' dir='ltr'><strong>metallum?</strong></span> 
     </span>
     <span class='ocr_line' id='line_1_9' title="bbox 683 1321 1503 1406; baseline 0.004 -22"><span class='ocrx_word' id='word_1_50' title='bbox 683 1322 810 1404; x_wconf 71' lang='lat' dir='ltr'><strong>Syrtica</strong></span> <span class='ocrx_word' id='word_1_51' title='bbox 832 1342 889 1406; x_wconf 88' lang='lat' dir='ltr'><strong>per</strong></span> <span class='ocrx_word' id='word_1_52' title='bbox 912 1322 993 1387; x_wconf 88' lang='lat' dir='ltr'><strong>latos</strong></span> <span class='ocrx_word' id='word_1_53' title='bbox 1016 1322 1183 1403; x_wconf 75' lang='lat' dir='ltr'><strong>fugiebant</strong></span> <span class='ocrx_word' id='word_1_54' title='bbox 1205 1321 1334 1403; x_wconf 87' lang='lat' dir='ltr'><strong>agmina</strong></span> <span class='ocrx_word' id='word_1_55' title='bbox 1356 1341 1503 1406; x_wconf 80' lang='lat' dir='ltr'><strong>earrrpos.</strong></span> 
     </span>
     <span class='ocr_line' id='line_1_10' title="bbox 682 1424 1432 1507; baseline -0.003 -18"><span class='ocrx_word' id='word_1_56' title='bbox 682 1445 766 1507; x_wconf 90' lang='lat' dir='ltr'><strong>quae</strong></span> <span class='ocrx_word' id='word_1_57' title='bbox 789 1425 1000 1490; x_wconf 75' lang='lat' dir='ltr'><strong>circumtusus</strong></span> <span class='ocrx_word' id='word_1_58' title='bbox 1022 1425 1132 1490; x_wconf 88' lang='lat' dir='ltr'><strong>densis</strong></span> <span class='ocrx_word' id='word_1_59' title='bbox 1154 1425 1312 1489; x_wconf 84' lang='lat' dir='ltr'><strong>exercitus</strong></span> <span class='ocrx_word' id='word_1_60' title='bbox 1335 1424 1432 1489; x_wconf 88' lang='lat' dir='ltr'><strong>armis</strong></span> 
     </span>
     <span class='ocr_line' id='line_1_11' title="bbox 684 1526 1481 1611; baseline -0.001 -19"><span class='ocrx_word' id='word_1_61' title='bbox 684 1528 880 1609; x_wconf 75' lang='lat' dir='ltr'><strong>insequitur.</strong></span> <span class='ocrx_word' id='word_1_62' title='bbox 908 1535 1054 1593; x_wconf 89' lang='lat' dir='ltr'><strong>sternens</strong></span> <span class='ocrx_word' id='word_1_63' title='bbox 1077 1527 1175 1591; x_wconf 80' lang='lat' dir='ltr'><strong>uariis</strong></span> <span class='ocrx_word' id='word_1_64' title='bbox 1198 1548 1254 1611; x_wconf 87' lang='lat' dir='ltr'><strong>per</strong></span> <span class='ocrx_word' id='word_1_65' title='bbox 1275 1526 1371 1591; x_wconf 75' lang='lat' dir='ltr'><strong>deuia</strong></span> <span class='ocrx_word' id='word_1_66' title='bbox 1395 1527 1481 1591; x_wconf 88' lang='lat' dir='ltr'><strong>latis.</strong></span> 
     </span>
     <span class='ocr_line' id='line_1_12' title="bbox 684 1629 1542 1714; baseline -0.001 -20"><span class='ocrx_word' id='word_1_67' title='bbox 684 1651 743 1694; x_wconf 90' lang='lat' dir='ltr'><strong>nee</strong></span> <span class='ocrx_word' id='word_1_68' title='bbox 767 1630 869 1714; x_wconf 92' lang='lat' dir='ltr'><strong>potnit</strong></span> <span class='ocrx_word' id='word_1_69' title='bbox 890 1630 1059 1713; x_wconf 89' lang='lat' dir='ltr'><strong>quisquam</strong></span> <span class='ocrx_word' id='word_1_70' title='bbox 1082 1630 1242 1694; x_wconf 89' lang='lat' dir='ltr'><strong>Romanos</strong></span> <span class='ocrx_word' id='word_1_71' title='bbox 1265 1629 1347 1694; x_wconf 87' lang='lat' dir='ltr'><strong>ferre</strong></span> <span class='ocrx_word' id='word_1_72' title='bbox 1371 1637 1542 1712; x_wconf 88' lang='lat' dir='ltr'><strong>sequentes</strong></span> 
     </span>
     <span class='ocr_line' id='line_1_13' title="bbox 684 1732 1574 1815; baseline 0.002 -19"><span class='ocrx_word' id='word_1_73' title='bbox 684 1741 786 1798; x_wconf 73' lang='lat' dir='ltr'><strong>mone</strong></span> <span class='ocrx_word' id='word_1_74' title='bbox 809 1733 935 1815; x_wconf 78' lang='lat' dir='ltr'><strong>grauis,</strong></span> <span class='ocrx_word' id='word_1_75' title='bbox 962 1732 1118 1798; x_wconf 73' lang='lat' dir='ltr'><strong>faciensve</strong></span> <span class='ocrx_word' id='word_1_76' title='bbox 1141 1732 1240 1815; x_wconf 81' lang='lat' dir='ltr'><strong>fugax</strong></span> <span class='ocrx_word' id='word_1_77' title='bbox 1263 1733 1412 1797; x_wconf 87' lang='lat' dir='ltr'><strong>oculosve</strong></span> <span class='ocrx_word' id='word_1_78' title='bbox 1434 1733 1574 1798; x_wconf 90' lang='lat' dir='ltr'><strong>retorsit.</strong></span> 
     </span>
     <span class='ocr_line' id='line_1_14' title="bbox 686 1835 1397 1920; baseline 0 -19"><span class='ocrx_word' id='word_1_79' title='bbox 686 1835 843 1920; x_wconf 76' lang='lat' dir='ltr'><strong>proiciunt</strong></span> <span class='ocrx_word' id='word_1_80' title='bbox 866 1855 960 1901; x_wconf 82' lang='lat' dir='ltr'><strong>enses</strong></span> <span class='ocrx_word' id='word_1_81' title='bbox 983 1835 1091 1919; x_wconf 91' lang='lat' dir='ltr'><strong>gelido</strong></span> <span class='ocrx_word' id='word_1_82' title='bbox 1113 1842 1233 1900; x_wconf 88' lang='lat' dir='ltr'><strong>terrore</strong></span> <span class='ocrx_word' id='word_1_83' title='bbox 1256 1835 1397 1911; x_wconf 84' lang='lat' dir='ltr'><strong>subacti,</strong></span> 
     </span>
     <span class='ocr_line' id='line_1_15' title="bbox 685 1937 1637 2025; baseline 0.001 -21"><span class='ocrx_word' id='word_1_84' title='bbox 685 1938 944 2025; x_wconf 68' lang='lat' dir='ltr'><strong>praecipitesque</strong></span> <span class='ocrx_word' id='word_1_85' title='bbox 968 1938 1098 2003; x_wconf 71' lang='lat' dir='ltr'><strong>coelunt.</strong></span> <span class='ocrx_word' id='word_1_86' title='bbox 1145 1937 1233 2003; x_wconf 82' lang='lat' dir='ltr'><strong>facili</strong></span> <span class='ocrx_word' id='word_1_87' title='bbox 1255 1938 1318 2002; x_wconf 90' lang='lat' dir='ltr'><strong>ianr</strong></span> <span class='ocrx_word' id='word_1_88' title='bbox 1342 1939 1441 2004; x_wconf 88' lang='lat' dir='ltr'><strong>caede</strong></span> <span class='ocrx_word' id='word_1_89' title='bbox 1464 1946 1637 2005; x_wconf 85' lang='lat' dir='ltr'><strong>trementes</strong></span> 
     </span>
     <span class='ocr_line' id='line_1_16' title="bbox 686 2037 1556 2122; baseline 0.001 -18"><span class='ocrx_word' id='word_1_90' title='bbox 686 2039 780 2104; x_wconf 89' lang='lat' dir='ltr'><strong>miles</strong></span> <span class='ocrx_word' id='word_1_91' title='bbox 802 2038 938 2102; x_wconf 89' lang='lat' dir='ltr'><strong>acerbus</strong></span> <span class='ocrx_word' id='word_1_92' title='bbox 960 2037 1041 2120; x_wconf 87' lang='lat' dir='ltr'><strong>agit.</strong></span> <span class='ocrx_word' id='word_1_93' title='bbox 1088 2039 1267 2103; x_wconf 79' lang='lat' dir='ltr'><strong>Solomonis</strong></span> <span class='ocrx_word' id='word_1_94' title='bbox 1289 2039 1382 2122; x_wconf 87' lang='lat' dir='ltr'><strong>signa</strong></span> <span class='ocrx_word' id='word_1_95' title='bbox 1405 2040 1556 2106; x_wconf 88' lang='lat' dir='ltr'><strong>retollunt</strong></span> 
     </span>
     <span class='ocr_line' id='line_1_17' title="bbox 687 2138 1553 2226; baseline -0.001 -21"><span class='ocrx_word' id='word_1_96' title='bbox 687 2141 794 2226; x_wconf 86' lang='lat' dir='ltr'><strong>prisca</strong></span> <span class='ocrx_word' id='word_1_97' title='bbox 815 2138 893 2217; x_wconf 85' lang='lat' dir='ltr'><strong>riri,</strong></span> <span class='ocrx_word' id='word_1_98' title='bbox 919 2140 1096 2222; x_wconf 88' lang='lat' dir='ltr'><strong>lernaeque</strong></span> <span class='ocrx_word' id='word_1_99' title='bbox 1119 2140 1213 2205; x_wconf 90' lang='lat' dir='ltr'><strong>simul</strong></span> <span class='ocrx_word' id='word_1_100' title='bbox 1238 2141 1365 2223; x_wconf 71' lang='lat' dir='ltr'><strong>capuana</strong></span> <span class='ocrx_word' id='word_1_101' title='bbox 1387 2141 1553 2206; x_wconf 82' lang='lat' dir='ltr'><strong>reducunt.</strong></span> 
     </span>
     <span class='ocr_line' id='line_1_18' title="bbox 688 2243 1556 2328; baseline 0 -20"><span class='ocrx_word' id='word_1_102' title='bbox 688 2243 818 2308; x_wconf 85' lang='lat' dir='ltr'><strong>horride</strong></span> <span class='ocrx_word' id='word_1_103' title='bbox 840 2262 898 2327; x_wconf 93' lang='lat' dir='ltr'><strong>per</strong></span> <span class='ocrx_word' id='word_1_104' title='bbox 920 2250 1050 2308; x_wconf 87' lang='lat' dir='ltr'><strong>cunctos</strong></span> <span class='ocrx_word' id='word_1_105' title='bbox 1074 2250 1257 2308; x_wconf 87' lang='lat' dir='ltr'><strong>sternuntur</strong></span> <span class='ocrx_word' id='word_1_106' title='bbox 1279 2243 1394 2307; x_wconf 88' lang='lat' dir='ltr'><strong>funera</strong></span> <span class='ocrx_word' id='word_1_107' title='bbox 1416 2263 1556 2328; x_wconf 88' lang='lat' dir='ltr'><strong>campos.</strong></span> 
     </span>
     <span class='ocr_line' id='line_1_19' title="bbox 689 2345 1682 2431; baseline 0.002 -20"><span class='ocrx_word' id='word_1_108' title='bbox 689 2367 746 2430; x_wconf 91' lang='lat' dir='ltr'><strong>per</strong></span> <span class='ocrx_word' id='word_1_109' title='bbox 768 2346 872 2411; x_wconf 88' lang='lat' dir='ltr'><strong>valles</strong></span> <span class='ocrx_word' id='word_1_110' title='bbox 894 2345 1107 2429; x_wconf 89' lang='lat' dir='ltr'><strong>scopulosque</strong></span> <span class='ocrx_word' id='word_1_111' title='bbox 1129 2353 1234 2411; x_wconf 89' lang='lat' dir='ltr'><strong>ruunt.</strong></span> <span class='ocrx_word' id='word_1_112' title='bbox 1281 2345 1345 2410; x_wconf 91' lang='lat' dir='ltr'><strong>iam</strong></span> <span class='ocrx_word' id='word_1_113' title='bbox 1369 2345 1501 2411; x_wconf 88' lang='lat' dir='ltr'><strong>flumina</strong></span> <span class='ocrx_word' id='word_1_114' title='bbox 1522 2347 1682 2431; x_wconf 86' lang='lat' dir='ltr'><strong>complent</strong></span> 
     </span>
     <span class='ocr_line' id='line_1_20' title="bbox 689 2446 1544 2534; baseline 0 -20"><span class='ocrx_word' id='word_1_115' title='bbox 689 2448 875 2534; x_wconf 72' lang='lat' dir='ltr'><strong>aequoribus</strong></span> <span class='ocrx_word' id='word_1_116' title='bbox 898 2446 1027 2521; x_wconf 79' lang='lat' dir='ltr'><strong>densis,</strong></span> <span class='ocrx_word' id='word_1_117' title='bbox 1054 2468 1213 2532; x_wconf 80' lang='lat' dir='ltr'><strong>supraque</strong></span> <span class='ocrx_word' id='word_1_118' title='bbox 1237 2449 1397 2513; x_wconf 70' lang='lat' dir='ltr'><strong>satiarent</strong></span> <span class='ocrx_word' id='word_1_119' title='bbox 1418 2450 1544 2514; x_wconf 88' lang='lat' dir='ltr'><strong>caleant</strong></span> 
     </span>
     <span class='ocr_line' id='line_1_21' title="bbox 688 2551 1700 2636; baseline 0.001 -19"><span class='ocrx_word' id='word_1_120' title='bbox 688 2551 933 2636; x_wconf 79' lang='lat' dir='ltr'><strong>quadrupedes,</strong></span> <span class='ocrx_word' id='word_1_121' title='bbox 959 2551 1151 2632; x_wconf 77' lang='lat' dir='ltr'><strong>‹quassisque</strong></span> <span class='ocrx_word' id='word_1_122' title='bbox 1174 2553 1268 2616; x_wconf 83' lang='lat' dir='ltr'><strong>rubet</strong></span> <span class='ocrx_word' id='word_1_123' title='bbox 1290 2551 1370 2616; x_wconf 81' lang='lat' dir='ltr'><strong>leuis</strong></span> <span class='ocrx_word' id='word_1_124' title='bbox 1394 2553 1514 2636; x_wconf 86' lang='lat' dir='ltr'><strong>ungula</strong></span> <span class='ocrx_word' id='word_1_125' title='bbox 1537 2552 1700 2619; x_wconf 87' lang='lat' dir='ltr'><strong>membris.</strong></span> 
     </span>
     <span class='ocr_line' id='line_1_22' title="bbox 689 2653 1630 2738; baseline 0.001 -18"><span class='ocrx_word' id='word_1_126' title='bbox 689 2655 768 2721; x_wconf 89' lang='lat' dir='ltr'><strong>dant</strong></span> <span class='ocrx_word' id='word_1_127' title='bbox 790 2654 929 2737; x_wconf 86' lang='lat' dir='ltr'><strong>gemitus</strong></span> <span class='ocrx_word' id='word_1_128' title='bbox 951 2653 1070 2719; x_wconf 89' lang='lat' dir='ltr'><strong>miseri.</strong></span> <span class='ocrx_word' id='word_1_129' title='bbox 1117 2653 1250 2735; x_wconf 87' lang='lat' dir='ltr'><strong>sanguis</strong></span> <span class='ocrx_word' id='word_1_130' title='bbox 1272 2675 1329 2738; x_wconf 90' lang='lat' dir='ltr'><strong>per</strong></span> <span class='ocrx_word' id='word_1_131' title='bbox 1350 2655 1497 2738; x_wconf 85' lang='lat' dir='ltr'><strong>gramina</strong></span> <span class='ocrx_word' id='word_1_132' title='bbox 1519 2656 1630 2721; x_wconf 89' lang='lat' dir='ltr'><strong>currit.</strong></span> 
     </span>
     <span class='ocr_line' id='line_1_23' title="bbox 689 2756 1544 2841; baseline 0.001 -19"><span class='ocrx_word' id='word_1_133' title='bbox 689 2757 722 2822; x_wconf 94' lang='lat' dir='ltr'><strong>in</strong></span> <span class='ocrx_word' id='word_1_134' title='bbox 746 2756 958 2840; x_wconf 85' lang='lat' dir='ltr'><strong>manibusque</strong></span> <span class='ocrx_word' id='word_1_135' title='bbox 981 2756 1083 2821; x_wconf 82' lang='lat' dir='ltr'><strong>uirum</strong></span> <span class='ocrx_word' id='word_1_136' title='bbox 1106 2765 1269 2822; x_wconf 87' lang='lat' dir='ltr'><strong>concretos</strong></span> <span class='ocrx_word' id='word_1_137' title='bbox 1291 2758 1430 2841; x_wconf 90' lang='lat' dir='ltr'><strong>glutinat</strong></span> <span class='ocrx_word' id='word_1_138' title='bbox 1450 2778 1544 2823; x_wconf 90' lang='lat' dir='ltr'><strong>enses</strong></span> 
     </span>
     <span class='ocr_line' id='line_1_24' title="bbox 689 2860 1648 2946; baseline 0.001 -20"><span class='ocrx_word' id='word_1_139' title='bbox 689 2880 841 2946; x_wconf 87' lang='lat' dir='ltr'><strong>aspersus</strong></span> <span class='ocrx_word' id='word_1_140' title='bbox 864 2880 961 2945; x_wconf 88' lang='lat' dir='ltr'><strong>super</strong></span> <span class='ocrx_word' id='word_1_141' title='bbox 982 2880 1072 2925; x_wconf 85' lang='lat' dir='ltr'><strong>anna</strong></span> <span class='ocrx_word' id='word_1_142' title='bbox 1093 2880 1195 2925; x_wconf 88' lang='lat' dir='ltr'><strong>eruor.</strong></span> <span class='ocrx_word' id='word_1_143' title='bbox 1244 2860 1361 2926; x_wconf 88' lang='lat' dir='ltr'><strong>ferrum</strong></span> <span class='ocrx_word' id='word_1_144' title='bbox 1384 2881 1477 2926; x_wconf 91' lang='lat' dir='ltr'><strong>omne</strong></span> <span class='ocrx_word' id='word_1_145' title='bbox 1499 2861 1648 2927; x_wconf 85' lang='lat' dir='ltr'><strong>rubescit.</strong></span> 
     </span>
     <span class='ocr_line' id='line_1_25' title="bbox 689 2963 1473 3049; baseline -0.008 -18"><span class='ocrx_word' id='word_1_146' title='bbox 689 2963 838 3031; x_wconf 84' lang='lat' dir='ltr'><strong>occubuit</strong></span> <span class='ocrx_word' id='word_1_147' title='bbox 860 2964 1009 3049; x_wconf 82' lang='lat' dir='ltr'><strong>princeps</strong></span> <span class='ocrx_word' id='word_1_148' title='bbox 1031 2963 1133 3027; x_wconf 90' lang='lat' dir='ltr'><strong>multa</strong></span> <span class='ocrx_word' id='word_1_149' title='bbox 1155 2963 1236 3028; x_wconf 87' lang='lat' dir='ltr'><strong>inter</strong></span> <span class='ocrx_word' id='word_1_150' title='bbox 1259 2964 1348 3028; x_wconf 88' lang='lat' dir='ltr'><strong>milia</strong></span> <span class='ocrx_word' id='word_1_151' title='bbox 1371 2965 1473 3030; x_wconf 89' lang='lat' dir='ltr'><strong>lerna.</strong></span> 
     </span>
     <span class='ocr_line' id='line_1_26' title="bbox 691 3064 1615 3151; baseline -0.002 -19"><span class='ocrx_word' id='word_1_152' title='bbox 691 3065 919 3132; x_wconf 89' lang='lat' dir='ltr'><strong>Marmaridum</strong></span> <span class='ocrx_word' id='word_1_153' title='bbox 941 3086 997 3131; x_wconf 87' lang='lat' dir='ltr'><strong>rex</strong></span> <span class='ocrx_word' id='word_1_154' title='bbox 1020 3065 1076 3129; x_wconf 93' lang='lat' dir='ltr'><strong>ille</strong></span> <span class='ocrx_word' id='word_1_155' title='bbox 1100 3064 1188 3129; x_wconf 87' lang='lat' dir='ltr'><strong>ierus</strong></span> <span class='ocrx_word' id='word_1_156' title='bbox 1211 3067 1436 3148; x_wconf 88' lang='lat' dir='ltr'><strong>quondamque</strong></span> <span class='ocrx_word' id='word_1_157' title='bbox 1459 3068 1615 3151; x_wconf 88' lang='lat' dir='ltr'><strong>superbus</strong></span> 
     </span>
    </p>

    <p class='ocr_par' dir='ltr' id='par_1_3' title="bbox 582 3167 1515 3236">
     <span class='ocr_line' id='line_1_27' title="bbox 582 3167 1515 3236; baseline -0.001 0"><span class='ocrx_word' id='word_1_158' title='bbox 582 3198 595 3236; x_wconf 72' lang='lat' dir='ltr'><strong>a</strong></span> <span class='ocrx_word' id='word_1_159' title='bbox 691 3170 859 3235; x_wconf 82' lang='lat' dir='ltr'><strong>confessus</strong></span> <span class='ocrx_word' id='word_1_160' title='bbox 881 3169 980 3234; x_wconf 87' lang='lat' dir='ltr'><strong>iacuit</strong></span> <span class='ocrx_word' id='word_1_161' title='bbox 1001 3167 1118 3233; x_wconf 90' lang='lat' dir='ltr'><strong>mediis</strong></span> <span class='ocrx_word' id='word_1_162' title='bbox 1139 3169 1221 3234; x_wconf 89' lang='lat' dir='ltr'><strong>bene</strong></span> <span class='ocrx_word' id='word_1_163' title='bbox 1245 3169 1350 3234; x_wconf 89' lang='lat' dir='ltr'><strong>nudus</strong></span> <span class='ocrx_word' id='word_1_164' title='bbox 1375 3170 1515 3235; x_wconf 86' lang='lat' dir='ltr'><strong>harenis.</strong></span> 
     </span>
    </p>

    <p class='ocr_par' dir='ltr' id='par_1_4' title="bbox 777 3272 1562 3355">
     <span class='ocr_line' id='line_1_28' title="bbox 777 3272 1562 3355; baseline 0.001 -17"><span class='ocrx_word' id='word_1_165' title='bbox 777 3274 834 3338; x_wconf 90' lang='lat' dir='ltr'><strong>ille</strong></span> <span class='ocrx_word' id='word_1_166' title='bbox 857 3272 928 3338; x_wconf 86' lang='lat' dir='ltr'><strong>dies</strong></span> <span class='ocrx_word' id='word_1_167' title='bbox 950 3272 1074 3338; x_wconf 89' lang='lat' dir='ltr'><strong>eunctis</strong></span> <span class='ocrx_word' id='word_1_168' title='bbox 1096 3291 1264 3355; x_wconf 86' lang='lat' dir='ltr'><strong>supremus</strong></span> <span class='ocrx_word' id='word_1_169' title='bbox 1286 3273 1436 3355; x_wconf 86' lang='lat' dir='ltr'><strong>gentibus</strong></span> <span class='ocrx_word' id='word_1_170' title='bbox 1459 3281 1562 3340; x_wconf 89' lang='lat' dir='ltr'><strong>esset.</strong></span> 
     </span>
    </p>

    <p class='ocr_par' dir='ltr' id='par_1_5' title="bbox 692 3373 1563 3875">
     <span class='ocr_line' id='line_1_29' title="bbox 693 3373 1559 3460; baseline 0.001 -19"><span class='ocrx_word' id='word_1_171' title='bbox 693 3378 721 3441; x_wconf 88' lang='lat' dir='ltr'><strong>si</strong></span> <span class='ocrx_word' id='word_1_172' title='bbox 743 3396 834 3441; x_wconf 90' lang='lat' dir='ltr'><strong>mora</strong></span> <span class='ocrx_word' id='word_1_173' title='bbox 855 3374 1062 3460; x_wconf 89' lang='lat' dir='ltr'><strong>praecipitem</strong></span> <span class='ocrx_word' id='word_1_174' title='bbox 1086 3373 1243 3439; x_wconf 90' lang='lat' dir='ltr'><strong>tenuisset</strong></span> <span class='ocrx_word' id='word_1_175' title='bbox 1264 3394 1417 3460; x_wconf 89' lang='lat' dir='ltr'><strong>prospera</strong></span> <span class='ocrx_word' id='word_1_176' title='bbox 1440 3377 1559 3442; x_wconf 90' lang='lat' dir='ltr'><strong>solem.</strong></span> 
     </span>
     <span class='ocr_line' id='line_1_30' title="bbox 693 3477 1563 3561; baseline -0.006 -16"><span class='ocrx_word' id='word_1_177' title='bbox 693 3480 770 3546; x_wconf 81' lang='lat' dir='ltr'><strong>ierit</strong></span> <span class='ocrx_word' id='word_1_178' title='bbox 792 3486 827 3544; x_wconf 89' lang='lat' dir='ltr'><strong>ut</strong></span> <span class='ocrx_word' id='word_1_179' title='bbox 849 3484 923 3544; x_wconf 72' lang='lat' dir='ltr'><strong>eunte</strong></span> <span class='ocrx_word' id='word_1_180' title='bbox 947 3477 1060 3542; x_wconf 88' lang='lat' dir='ltr'><strong>semel.</strong></span> <span class='ocrx_word' id='word_1_181' title='bbox 1108 3477 1170 3540; x_wconf 90' lang='lat' dir='ltr'><strong>iam</strong></span> <span class='ocrx_word' id='word_1_182' title='bbox 1194 3477 1323 3561; x_wconf 89' lang='lat' dir='ltr'><strong>pronior</strong></span> <span class='ocrx_word' id='word_1_183' title='bbox 1344 3479 1455 3543; x_wconf 88' lang='lat' dir='ltr'><strong>ordine</strong></span> <span class='ocrx_word' id='word_1_184' title='bbox 1478 3487 1563 3545; x_wconf 92' lang='lat' dir='ltr'><strong>certo</strong></span> 
     </span>
     <span class='ocr_line' id='line_1_31' title="bbox 692 3579 1561 3664; baseline 0 -16"><span class='ocrx_word' id='word_1_185' title='bbox 692 3584 783 3663; x_wconf 86' lang='lat' dir='ltr'><strong>axis,</strong></span> <span class='ocrx_word' id='word_1_186' title='bbox 809 3581 842 3646; x_wconf 94' lang='lat' dir='ltr'><strong>in</strong></span> <span class='ocrx_word' id='word_1_187' title='bbox 865 3579 1007 3646; x_wconf 77' lang='lat' dir='ltr'><strong>occiduis</strong></span> <span class='ocrx_word' id='word_1_188' title='bbox 1030 3599 1225 3644; x_wconf 85' lang='lat' dir='ltr'><strong>summersus</strong></span> <span class='ocrx_word' id='word_1_189' title='bbox 1248 3579 1427 3664; x_wconf 86' lang='lat' dir='ltr'><strong>flammiger</strong></span> <span class='ocrx_word' id='word_1_190' title='bbox 1449 3582 1561 3648; x_wconf 88' lang='lat' dir='ltr'><strong>undis.</strong></span> 
     </span>
     <span class='ocr_line' id='line_1_32' title="bbox 693 3682 1529 3767; baseline -0.001 -16"><span class='ocrx_word' id='word_1_191' title='bbox 693 3708 734 3751; x_wconf 83' lang='lat' dir='ltr'><strong>ex</strong></span> <span class='ocrx_word' id='word_1_192' title='bbox 757 3685 859 3750; x_wconf 77' lang='lat' dir='ltr'><strong>(erulis</strong></span> <span class='ocrx_word' id='word_1_193' title='bbox 882 3691 1059 3767; x_wconf 81' lang='lat' dir='ltr'><strong>gentesque</strong></span> <span class='ocrx_word' id='word_1_194' title='bbox 1082 3682 1159 3764; x_wconf 83' lang='lat' dir='ltr'><strong>suga</strong></span> <span class='ocrx_word' id='word_1_195' title='bbox 1182 3683 1366 3766; x_wconf 87' lang='lat' dir='ltr'><strong>bellumque</strong></span> <span class='ocrx_word' id='word_1_196' title='bbox 1388 3686 1529 3750; x_wconf 88' lang='lat' dir='ltr'><strong>tenebris</strong></span> 
     </span>
     <span class='ocr_line' id='line_1_33' title="bbox 694 3785 1475 3875; baseline -0.006 -19"><span class='ocrx_word' id='word_1_197' title='bbox 694 3790 829 3875; x_wconf 87' lang='lat' dir='ltr'><strong>eripuit.</strong></span> <span class='ocrx_word' id='word_1_198' title='bbox 856 3788 1018 3869; x_wconf 66' lang='lat' dir='ltr'><strong>firmesque</strong></span> <span class='ocrx_word' id='word_1_199' title='bbox 1041 3786 1129 3852; x_wconf 89' lang='lat' dir='ltr'><strong>acies</strong></span> <span class='ocrx_word' id='word_1_200' title='bbox 1151 3785 1184 3849; x_wconf 94' lang='lat' dir='ltr'><strong>in</strong></span> <span class='ocrx_word' id='word_1_201' title='bbox 1207 3793 1313 3851; x_wconf 84' lang='lat' dir='ltr'><strong>castra</strong></span> <span class='ocrx_word' id='word_1_202' title='bbox 1337 3787 1475 3853; x_wconf 82' lang='lat' dir='ltr'><strong>reduxit.</strong></span> 
     </span>
    </p>
   </div>
   <div class='ocr_carea' id='block_1_3' title="bbox 748 4191 1494 4314">
    <p class='ocr_par' dir='ltr' id='par_1_6' title="bbox 748 4191 1494 4314">
     <span class='ocr_line' id='line_1_34' title="bbox 748 4191 1494 4314; baseline -0.007 -20"><span class='ocrx_word' id='word_1_203' title='bbox 748 4195 912 4294; x_wconf 83' lang='lat' dir='ltr'>LIBER</span> <span class='ocrx_word' id='word_1_204' title='bbox 944 4191 1161 4290; x_wconf 78' lang='lat' dir='ltr'>SEXTVS</span> <span class='ocrx_word' id='word_1_205' title='bbox 1202 4192 1494 4314; x_wconf 67' lang='lat' dir='ltr'><strong>(QVINTVS).</strong></span> 
     </span>
    </p>
   </div>
   <div class='ocr_carea' id='block_1_4' title="bbox 591 4407 1578 5215">
    <p class='ocr_par' dir='ltr' id='par_1_7' title="bbox 698 4407 1566 4804">
     <span class='ocr_line' id='line_1_35' title="bbox 785 4407 1546 4491; baseline -0.005 -16"><span class='ocrx_word' id='word_1_206' title='bbox 785 4409 929 4475; x_wconf 82' lang='lat' dir='ltr'><strong>Victores</strong></span> <span class='ocrx_word' id='word_1_207' title='bbox 952 4407 1114 4491; x_wconf 88' lang='lat' dir='ltr'><strong>placidam</strong></span> <span class='ocrx_word' id='word_1_208' title='bbox 1137 4407 1272 4473; x_wconf 90' lang='lat' dir='ltr'><strong>Romani</strong></span> <span class='ocrx_word' id='word_1_209' title='bbox 1294 4415 1385 4472; x_wconf 90' lang='lat' dir='ltr'><strong>noete</strong></span> <span class='ocrx_word' id='word_1_210' title='bbox 1408 4407 1546 4489; x_wconf 88' lang='lat' dir='ltr'><strong>quietem</strong></span> 
     </span>
     <span class='ocr_line' id='line_1_36' title="bbox 698 4509 1555 4595; baseline -0.007 -15"><span class='ocrx_word' id='word_1_211' title='bbox 698 4535 762 4580; x_wconf 92' lang='lat' dir='ltr'><strong>non</strong></span> <span class='ocrx_word' id='word_1_212' title='bbox 784 4531 895 4578; x_wconf 88' lang='lat' dir='ltr'><strong>ornnes</strong></span> <span class='ocrx_word' id='word_1_213' title='bbox 918 4511 1039 4595; x_wconf 91' lang='lat' dir='ltr'><strong>petiere</strong></span> <span class='ocrx_word' id='word_1_214' title='bbox 1063 4509 1178 4593; x_wconf 81' lang='lat' dir='ltr'><strong>simul,</strong></span> <span class='ocrx_word' id='word_1_215' title='bbox 1205 4510 1264 4576; x_wconf 89' lang='lat' dir='ltr'><strong>sed</strong></span> <span class='ocrx_word' id='word_1_216' title='bbox 1286 4518 1391 4576; x_wconf 88' lang='lat' dir='ltr'><strong>castra</strong></span> <span class='ocrx_word' id='word_1_217' title='bbox 1414 4510 1555 4575; x_wconf 82' lang='lat' dir='ltr'><strong>uicissim</strong></span> 
     </span>
     <span class='ocr_line' id='line_1_37' title="bbox 698 4613 1566 4696; baseline -0.006 -13"><span class='ocrx_word' id='word_1_218' title='bbox 698 4622 890 4683; x_wconf 83' lang='lat' dir='ltr'><strong>conservant</strong></span> <span class='ocrx_word' id='word_1_219' title='bbox 911 4614 992 4681; x_wconf 88' lang='lat' dir='ltr'><strong>lucri</strong></span> <span class='ocrx_word' id='word_1_220' title='bbox 1016 4614 1149 4696; x_wconf 77' lang='lat' dir='ltr'><strong>uigiles,</strong></span> <span class='ocrx_word' id='word_1_221' title='bbox 1176 4635 1235 4679; x_wconf 90' lang='lat' dir='ltr'><strong>neo</strong></span> <span class='ocrx_word' id='word_1_222' title='bbox 1257 4614 1380 4678; x_wconf 89' lang='lat' dir='ltr'><strong>lumina</strong></span> <span class='ocrx_word' id='word_1_223' title='bbox 1402 4613 1566 4679; x_wconf 89' lang='lat' dir='ltr'><strong>claudunt.</strong></span> 
     </span>
     <span class='ocr_line' id='line_1_38' title="bbox 698 4717 1555 4804; baseline -0.008 -17"><span class='ocrx_word' id='word_1_224' title='bbox 698 4722 785 4787; x_wconf 87' lang='lat' dir='ltr'><strong>laeta</strong></span> <span class='ocrx_word' id='word_1_225' title='bbox 807 4739 865 4804; x_wconf 89' lang='lat' dir='ltr'><strong>per</strong></span> <span class='ocrx_word' id='word_1_226' title='bbox 886 4718 1050 4783; x_wconf 87' lang='lat' dir='ltr'><strong>insomnes</strong></span> <span class='ocrx_word' id='word_1_227' title='bbox 1073 4717 1255 4783; x_wconf 87' lang='lat' dir='ltr'><strong>discurrunt</strong></span> <span class='ocrx_word' id='word_1_228' title='bbox 1276 4717 1397 4799; x_wconf 89' lang='lat' dir='ltr'><strong>gaudia</strong></span> <span class='ocrx_word' id='word_1_229' title='bbox 1420 4724 1555 4782; x_wconf 87' lang='lat' dir='ltr'><strong>arentes.</strong></span> 
     </span>
    </p>

    <p class='ocr_par' dir='ltr' id='par_1_8' title="bbox 591 4819 1578 5215">
     <span class='ocr_line' id='line_1_39' title="bbox 591 4819 1524 4905; baseline -0.009 -15"><span class='ocrx_word' id='word_1_230' title='bbox 591 4850 602 4887; x_wconf 80' lang='lat'><strong>··</strong></span> <span class='ocrx_word' id='word_1_231' title='bbox 698 4823 811 4889; x_wconf 89' lang='lat' dir='ltr'><strong>militis</strong></span> <span class='ocrx_word' id='word_1_232' title='bbox 832 4821 979 4887; x_wconf 92' lang='lat' dir='ltr'><strong>indomiti</strong></span> <span class='ocrx_word' id='word_1_233' title='bbox 1003 4820 1111 4884; x_wconf 88' lang='lat' dir='ltr'><strong>nullus</strong></span> <span class='ocrx_word' id='word_1_234' title='bbox 1134 4828 1206 4905; x_wconf 86' lang='lat' dir='ltr'><strong>post</strong></span> <span class='ocrx_word' id='word_1_235' title='bbox 1228 4819 1351 4904; x_wconf 89' lang='lat' dir='ltr'><strong>proelia</strong></span> <span class='ocrx_word' id='word_1_236' title='bbox 1373 4820 1524 4885; x_wconf 89' lang='lat' dir='ltr'><strong>membris</strong></span> 
     </span>
     <span class='ocr_line' id='line_1_40' title="bbox 698 4912 1542 5013; baseline -0.009 -19"><span class='ocrx_word' id='word_1_237' title='bbox 698 4912 805 5013; x_wconf 84' lang='lat' dir='ltr'><strong>torpor·</strong></span> <span class='ocrx_word' id='word_1_238' title='bbox 827 4926 921 4990; x_wconf 89' lang='lat' dir='ltr'><strong>inest.</strong></span> <span class='ocrx_word' id='word_1_239' title='bbox 969 4943 1104 5007; x_wconf 88' lang='lat' dir='ltr'><strong>quassos</strong></span> <span class='ocrx_word' id='word_1_240' title='bbox 1127 4923 1229 4989; x_wconf 88' lang='lat' dir='ltr'><strong>reiicit</strong></span> <span class='ocrx_word' id='word_1_241' title='bbox 1252 4922 1386 4987; x_wconf 85' lang='lat' dir='ltr'><strong>victoria</strong></span> <span class='ocrx_word' id='word_1_242' title='bbox 1408 4942 1542 4996; x_wconf 80' lang='lat' dir='ltr'><strong>nervos,</strong></span> 
     </span>
     <span class='ocr_line' id='line_1_41' title="bbox 698 5026 1578 5112; baseline -0.005 -17"><span class='ocrx_word' id='word_1_243' title='bbox 698 5031 911 5112; x_wconf 87' lang='lat' dir='ltr'><strong>virtutemque</strong></span> <span class='ocrx_word' id='word_1_244' title='bbox 934 5036 1031 5093; x_wconf 84' lang='lat' dir='ltr'><strong>novat</strong></span> <span class='ocrx_word' id='word_1_245' title='bbox 1052 5036 1166 5111; x_wconf 68' lang='lat' dir='ltr'><strong>capitae</strong></span> <span class='ocrx_word' id='word_1_246' title='bbox 1189 5046 1264 5111; x_wconf 88' lang='lat' dir='ltr'><strong>spes</strong></span> <span class='ocrx_word' id='word_1_247' title='bbox 1286 5026 1398 5090; x_wconf 89' lang='lat' dir='ltr'><strong>addita</strong></span> <span class='ocrx_word' id='word_1_248' title='bbox 1420 5026 1578 5112; x_wconf 67' lang='lat' dir='ltr'><strong>praedae,</strong></span> 
     </span>
     <span class='ocr_line' id='line_1_42' title="bbox 699 5129 1484 5215; baseline -0.011 -14"><span class='ocrx_word' id='word_1_249' title='bbox 699 5143 732 5201; x_wconf 91' lang='lat' dir='ltr'><strong>et</strong></span> <span class='ocrx_word' id='word_1_250' title='bbox 753 5134 899 5199; x_wconf 90' lang='lat' dir='ltr'><strong>relevant</strong></span> <span class='ocrx_word' id='word_1_251' title='bbox 920 5131 1045 5196; x_wconf 89' lang='lat' dir='ltr'><strong>animos</strong></span> <span class='ocrx_word' id='word_1_252' title='bbox 1068 5130 1124 5195; x_wconf 87' lang='lat' dir='ltr'><strong>lidi</strong></span> <span class='ocrx_word' id='word_1_253' title='bbox 1147 5129 1304 5215; x_wconf 89' lang='lat' dir='ltr'><strong>promissa</strong></span> <span class='ocrx_word' id='word_1_254' title='bbox 1326 5129 1484 5211; x_wconf 82' lang='lat' dir='ltr'><strong>magistri.</strong></span> 
     </span>
    </p>
   </div>
   <div class='ocr_carea' id='block_1_5' title="bbox 307 5370 1948 5786">
    <p class='ocr_par' dir='ltr' id='par_1_9' title="bbox 307 5370 1948 5786">
     <span class='ocr_line' id='line_1_43' title="bbox 380 5370 1945 5449; baseline -0.01 -9"><span class='ocrx_word' id='word_1_255' title='bbox 380 5388 446 5441; x_wconf 77' lang='lat' dir='ltr'><strong>tttt</strong></span> <span class='ocrx_word' id='word_1_256' title='bbox 463 5386 582 5449; x_wconf 74' lang='lat' dir='ltr'><strong>quisquis</strong></span> <span class='ocrx_word' id='word_1_257' title='bbox 595 5385 616 5431; x_wconf 82' lang='lat' dir='ltr'><strong>lr</strong></span> <span class='ocrx_word' id='word_1_258' title='bbox 629 5381 718 5442; x_wconf 69' lang='lat' dir='ltr'><strong>sess„</strong></span> <span class='ocrx_word' id='word_1_259' title='bbox 737 5378 853 5442; x_wconf 82' lang='lat' dir='ltr'><strong>quisquis</strong></span> <span class='ocrx_word' id='word_1_260' title='bbox 871 5377 897 5435; x_wconf 88' lang='grc' dir='ltr'><strong>Τ,</strong></span> <span class='ocrx_word' id='word_1_261' title='bbox 918 5378 976 5438; x_wconf 85' lang='lat' dir='ltr'><strong>quis</strong></span> <span class='ocrx_word' id='word_1_262' title='bbox 988 5376 1103 5438; x_wconf 75' lang='lat' dir='ltr'><strong>quisnam</strong></span> <span class='ocrx_word' id='word_1_263' title='bbox 1118 5372 1196 5423; x_wconf 69' lang='lat' dir='ltr'><strong>Mers.</strong></span> <span class='ocrx_word' id='word_1_264' title='bbox 1306 5371 1370 5421; x_wconf 80' lang='lat' dir='ltr'><strong>llll</strong></span> <span class='ocrx_word' id='word_1_265' title='bbox 1389 5374 1438 5421; x_wconf 84' lang='lat' dir='ltr'><strong>slbi</strong></span> <span class='ocrx_word' id='word_1_266' title='bbox 1452 5373 1550 5420; x_wconf 77' lang='lat' dir='ltr'><strong>sollatia</strong></span> <span class='ocrx_word' id='word_1_267' title='bbox 1562 5378 1656 5432; x_wconf 84' lang='lat' dir='ltr'><strong>prestet</strong></span> <span class='ocrx_word' id='word_1_268' title='bbox 1673 5370 1694 5418; x_wconf 90' lang='grc' dir='ltr'><em>Τ</em></span> <span class='ocrx_word' id='word_1_269' title='bbox 1798 5371 1864 5423; x_wconf 72' lang='grc'><strong>1145</strong></span> <span class='ocrx_word' id='word_1_270' title='bbox 1880 5374 1945 5427; x_wconf 84' lang='lat' dir='ltr'><strong>‹lurrr</strong></span> 
     </span>
     <span class='ocr_line' id='line_1_44' title="bbox 307 5456 1947 5535; baseline -0.012 -9"><span class='ocrx_word' id='word_1_271' title='bbox 307 5486 336 5529; x_wconf 87' lang='lat' dir='ltr'><strong>trr</strong></span> <span class='ocrx_word' id='word_1_272' title='bbox 352 5476 442 5533; x_wconf 68' lang='lat' dir='ltr'><strong>Mau„</strong></span> <span class='ocrx_word' id='word_1_273' title='bbox 456 5476 568 5535; x_wconf 75' lang='lat' dir='ltr'><strong>dansque</strong></span> <span class='ocrx_word' id='word_1_274' title='bbox 586 5470 606 5517; x_wconf 99' lang='grc' dir='ltr'><em>Τ</em></span> <span class='ocrx_word' id='word_1_275' title='bbox 711 5467 776 5517; x_wconf 76' lang='grc'><strong>11411</strong></span> <span class='ocrx_word' id='word_1_276' title='bbox 795 5467 904 5514; x_wconf 69' lang='lat' dir='ltr'><strong>couneus</strong></span> <span class='ocrx_word' id='word_1_277' title='bbox 915 5466 1009 5525; x_wconf 72' lang='lat' dir='ltr'><strong>scripsi,</strong></span> <span class='ocrx_word' id='word_1_278' title='bbox 1025 5464 1116 5511; x_wconf 69' lang='lat' dir='ltr'><strong>corrant</strong></span> <span class='ocrx_word' id='word_1_279' title='bbox 1133 5461 1153 5508; x_wconf 99' lang='grc' dir='ltr'><em>Τ</em></span> <span class='ocrx_word' id='word_1_280' title='bbox 1232 5460 1362 5508; x_wconf 82' lang='lat' dir='ltr'><strong>metallum</strong></span> <span class='ocrx_word' id='word_1_281' title='bbox 1376 5458 1466 5517; x_wconf 57' lang='lat' dir='ltr'><strong>illesa,</strong></span> <span class='ocrx_word' id='word_1_282' title='bbox 1480 5460 1613 5506; x_wconf 72' lang='lat' dir='ltr'><strong>anaxillum</strong></span> <span class='ocrx_word' id='word_1_283' title='bbox 1628 5458 1650 5503; x_wconf 94' lang='grc' dir='ltr'><em>Τ</em></span> <span class='ocrx_word' id='word_1_284' title='bbox 1756 5456 1821 5509; x_wconf 82' lang='lat' dir='ltr'><strong>ttts</strong></span> <span class='ocrx_word' id='word_1_285' title='bbox 1837 5460 1947 5511; x_wconf 71' lang='lat' dir='ltr'><strong>cirrum-</strong></span> 
     </span>
     <span class='ocr_line' id='line_1_45' title="bbox 307 5543 1944 5615; baseline -0.012 0"><span class='ocrx_word' id='word_1_286' title='bbox 307 5562 420 5615; x_wconf 77' lang='lat' dir='ltr'><strong>tnsrrsT</strong></span> <span class='ocrx_word' id='word_1_287' title='bbox 511 5556 577 5608; x_wconf 81' lang='grc'><strong>1149</strong></span> <span class='ocrx_word' id='word_1_288' title='bbox 589 5563 705 5604; x_wconf 68' lang='lat' dir='ltr'><strong>sumens</strong></span> <span class='ocrx_word' id='word_1_289' title='bbox 719 5554 805 5611; x_wconf 67' lang='lat' dir='ltr'><strong>Betria,</strong></span> <span class='ocrx_word' id='word_1_290' title='bbox 820 5557 957 5599; x_wconf 72' lang='lat' dir='ltr'><strong>extenuent</strong></span> <span class='ocrx_word' id='word_1_291' title='bbox 972 5550 1002 5599; x_wconf 85' lang='grc' dir='ltr'><strong>Τ.</strong></span> <span class='ocrx_word' id='word_1_292' title='bbox 1017 5556 1114 5597; x_wconf 84' lang='lat' dir='ltr'><strong>terreus</strong></span> <span class='ocrx_word' id='word_1_293' title='bbox 1128 5546 1205 5594; x_wconf 43' lang='lat' dir='ltr'><strong>suasa.</strong></span> <span class='ocrx_word' id='word_1_294' title='bbox 1306 5544 1366 5594; x_wconf 81' lang='lat'><strong>1151</strong></span> <span class='ocrx_word' id='word_1_295' title='bbox 1381 5545 1464 5605; x_wconf 80' lang='lat' dir='ltr'><strong>grauis</strong></span> <span class='ocrx_word' id='word_1_296' title='bbox 1482 5543 1509 5605; x_wconf 85' lang='grc' dir='ltr'><strong>Τ,</strong></span> <span class='ocrx_word' id='word_1_297' title='bbox 1523 5558 1612 5603; x_wconf 77' lang='lat' dir='ltr'><strong>grarres</strong></span> <span class='ocrx_word' id='word_1_298' title='bbox 1623 5544 1710 5592; x_wconf 80' lang='lat' dir='ltr'><strong>malim</strong></span> <span class='ocrx_word' id='word_1_299' title='bbox 1796 5547 1897 5595; x_wconf 70' lang='lat' dir='ltr'><strong>renuti</strong></span> <span class='ocrx_word' id='word_1_300' title='bbox 1912 5547 1944 5607; x_wconf 91' lang='grc' dir='ltr'><strong>Τ,</strong></span> 
     </span>
     <span class='ocr_line' id='line_1_46' title="bbox 308 5629 1948 5708; baseline -0.01 -9"><span class='ocrx_word' id='word_1_301' title='bbox 308 5643 573 5708; x_wconf 71' lang='lat' dir='ltr'><strong>mrutrtepustrm.</strong></span> <span class='ocrx_word' id='word_1_302' title='bbox 648 5640 713 5691; x_wconf 73' lang='lat' dir='ltr'><strong>lton</strong></span> <span class='ocrx_word' id='word_1_303' title='bbox 726 5638 921 5694; x_wconf 67' lang='lat' dir='ltr'><strong>sulbar-etms,</strong></span> <span class='ocrx_word' id='word_1_304' title='bbox 934 5635 1069 5684; x_wconf 79' lang='lat' dir='ltr'><strong>subartoY</strong></span> <span class='ocrx_word' id='word_1_305' title='bbox 1143 5632 1321 5681; x_wconf 80' lang='lat' dir='ltr'><strong>lllltlurlssros</strong></span> <span class='ocrx_word' id='word_1_306' title='bbox 1335 5632 1354 5677; x_wconf 91' lang='grc' dir='ltr'><em>Τ</em></span> <span class='ocrx_word' id='word_1_307' title='bbox 1424 5630 1484 5680; x_wconf 81' lang='lat' dir='ltr'><strong>rtur</strong></span> <span class='ocrx_word' id='word_1_308' title='bbox 1497 5629 1717 5679; x_wconf 73' lang='lat' dir='ltr'><strong>concretasrllnrr.</strong></span> <span class='ocrx_word' id='word_1_309' title='bbox 1789 5631 1912 5689; x_wconf 61' lang='lat' dir='ltr'><strong>gramnat</strong></span> <span class='ocrx_word' id='word_1_310' title='bbox 1924 5634 1948 5683; x_wconf 86' lang='grc' dir='ltr'><em>Τ</em></span> 
     </span>
     <span class='ocr_line' id='line_1_47' title="bbox 383 5720 1035 5786; baseline -0.014 -7"><span class='ocrx_word' id='word_1_311' title='bbox 383 5735 391 5786; x_wconf 86' lang='grc' dir='ltr'>Ι</span> <span class='ocrx_word' id='word_1_312' title='bbox 415 5732 517 5782; x_wconf 71' lang='lat' dir='ltr'><strong>ulman</strong></span> <span class='ocrx_word' id='word_1_313' title='bbox 541 5730 562 5777; x_wconf 88' lang='grc' dir='ltr'><em>Τ</em></span> <span class='ocrx_word' id='word_1_314' title='bbox 665 5727 762 5775; x_wconf 72' lang='lat' dir='ltr'><strong>ltlurrl</strong></span> <span class='ocrx_word' id='word_1_315' title='bbox 785 5724 815 5783; x_wconf 81' lang='lat' dir='ltr'><strong>T,</strong></span> <span class='ocrx_word' id='word_1_316' title='bbox 835 5725 895 5771; x_wconf 81' lang='lat' dir='ltr'><strong>laeti</strong></span> <span class='ocrx_word' id='word_1_317' title='bbox 913 5730 940 5769; x_wconf 87' lang='lat' dir='ltr'><strong>et</strong></span> <span class='ocrx_word' id='word_1_318' title='bbox 959 5720 1035 5770; x_wconf 66' lang='lat' dir='ltr'><strong>llum.</strong></span> 
     </span>
    </p>
   </div>
   <div class='ocr_carea' id='block_1_6' title="bbox 0 0 2254 6276">
    <p class='ocr_par' dir='ltr' id='par_1_10' title="bbox 0 0 2254 6276">
     <span class='ocr_line' id='line_1_48' title="bbox 0 0 2254 6276; baseline 0 0"><span class='ocrx_word' id='word_1_319' title='bbox 0 0 2254 6276; x_wconf 95' lang='lat' dir='ltr'><strong> </strong></span> 
     </span>
    </p>
   </div>
  </div>
 </body>
</html>
