4440 6276
1221 401 1368 456 (rultll‘l‘l

864 590 1051 672 vicinaeque
1073 590 1171 654 maris
1193 589 1355 672 quondam
1378 597 1521 656 serrator
1542 590 1696 674 harenae,

864 712 927 757 nou
949 692 1188 758 Solomoniaeas
1211 692 1331 758 audisti
1353 693 1455 758 Marte
1478 701 1623 759 catervas

863 802 909 860 tot
930 795 1049 879 pariter
1071 794 1227 861 cecidisse
1249 795 1359 879 gravi,
1385 815 1450 878 qua
1471 793 1605 862 flumina
1627 797 1720 862 clade

754 917 766 950 5
862 897 1011 982 impleret
1033 898 1175 963 Romana
1198 918 1329 979 manus,
1354 898 1539 983 campisque
1562 899 1717 984 perempti

862 1008 937 1083 quot
959 1000 1058 1067 vestri
1079 1001 1207 1067 iacuere
1230 1001 1307 1083 riri,
1334 1000 1474 1066 ductoris
1496 1008 1530 1067 et
1550 1003 1665 1086 ingens

862 1103 996 1169 exitium
1020 1123 1078 1186 per
1098 1104 1184 1169 bellu
1207 1104 1277 1169 tui?
1319 1111 1353 1169 tu
1377 1103 1527 1187 gentihus
1548 1104 1651 1170 audes

861 1206 990 1272 invictis
1013 1207 1130 1272 inferre
1153 1216 1306 1273 manum?
1347 1227 1411 1273 non
1432 1216 1572 1290 quantus
1595 1209 1725 1291 llaguas

862 1318 956 1375 notus
980 1311 1081 1376 Marte
1103 1310 1179 1391 tibi,
1205 1330 1299 1391 quem
1322 1317 1446 1376 tautum
1469 1309 1554 1376 larua
1578 1312 1726 1394 perennis

860 1413 966 1497 prisca
989 1413 1097 1479 canit?
1139 1413 1230 1478 cuius
1251 1412 1317 1478 iarn
1340 1413 1553 1478 Maximianus
1576 1415 1609 1479 in
1630 1415 1728 1479 armis

860 1516 1008 1598 antiquos
1029 1516 1188 1600 persensit
1210 1535 1305 1597 avos,
1331 1517 1474 1581 Romana
1497 1537 1554 1600 per
1575 1518 1682 1582 orbem

861 1626 987 1704 sceptra
1009 1625 1139 1699 tenens,
1166 1617 1250 1684 lratii
1272 1618 1441 1703 princeps:l
1483 1627 1517 1684 hu
1541 1619 1641 1685 milite
1663 1641 1781 1704 parvo,

859 1722 924 1786 iam
947 1721 1103 1806 perituro,
1130 1739 1220 1787 meas
1241 1720 1344 1786 sudes
1366 1723 1428 1810 rel
1441 1741 1571 1787 eernere
1593 1729 1735 1787 turmas?

860 1831 916 1890 aut
937 1824 1210 1909 poterislsufferre
1232 1842 1347 1889 manus
1368 1822 1546 1907 faciemque
1568 1825 1705 1890 vimrum

859 1927 999 2011 aspicies
1021 1927 1160 2012 campis⁷
1186 1926 1298 1994 ductor
1320 1928 1477 2004 Romane,
1503 1935 1666 1993 meorum?

860 2030 937 2111 quin
958 2030 1065 2115 potius
1086 2037 1234 2096 converte
1256 2030 1389 2115 pedem,
1416 2030 1467 2095 rel
1490 2038 1617 2116 sumpta
1639 2039 1809 2097 retrorsum

861 2132 955 2216 signa
977 2132 1079 2214 refer,
1105 2140 1301 2216 mortemque
1323 2152 1412 2198 cave.
1461 2133 1510 2198 sin
1533 2134 1655 2219 proelia
1678 2153 1800 2200 mecum

859 2234 985 2301 mittere
1006 2253 1101 2320 posse
1122 2241 1235 2319 putas,
1262 2235 1290 2300 si
1311 2242 1343 2301 te
1364 2235 1454 2300 iuvat
1474 2235 1520 2302 ire
1543 2237 1603 2301 sub
1627 2237 1772 2319 umbras,

859 2344 955 2419 atque
978 2336 1049 2403 dies
1070 2356 1219 2422 suprema
1241 2345 1351 2419 vocat,
1378 2357 1434 2404 cur
1455 2337 1547 2421 sigua
1570 2338 1711 2422 fatigas:l

858 2440 958 2505 verba
980 2439 1104 2505 remitte
1126 2439 1222 2521 mihi,
1248 2460 1331 2523 quae
1353 2440 1395 2505 sit
1415 2446 1469 2505 tua
1493 2448 1580 2506 certa
1602 2442 1768 2520 voluntus;

859 2549 892 2608 et
914 2542 1007 2608 renio
1030 2562 1218 2625 quocunque
1241 2543 1346 2623 voles,
1372 2562 1431 2608 nec
1453 2541 1518 2608 lata
1543 2545 1698 2609 morabor.

858 2644 939 2711 haec
960 2643 1114 2711 mandatu-
1136 2644 1226 2710 uouit
1247 2644 1360 2710 ductor
1381 2645 1571 2712 fortissimus
1593 2646 1659 2711 ille.

857 2753 907 2827 tu,
933 2767 1143 2831 quaecunque
1165 2747 1295 2832 placent
1316 2747 1439 2828 animm
1465 2768 1618 2831 responsa
1642 2750 1791 2814 remitte'.

942 2858 1018 2916 tunc
1039 2849 1187 2935 placidus
1208 2848 1366 2933 gravitate
1388 2870 1446 2915 sua
1470 2871 1529 2916 nec
1551 2860 1654 2916 motus
1676 2853 1709 2916 iu
1731 2853 1840 2917 hostes

748 2997 752 3007 -
857 2951 968 3019 ductor
989 2953 1045 3019 ait.
1096 2950 1191 3016 ‘mihi
1213 2971 1298 3018 nunc
1320 2971 1416 3018 saevo
1439 2973 1593 3037 respousa
1615 2954 1733 3019 referre
1862 2946 1871 2977 ’·

856 3076 919 3120 uon
940 3074 1021 3140 opus
1043 3061 1092 3121 est
1113 3054 1208 3119 hosti.
1256 3054 1352 3121 certis
1374 3062 1448 3121 sunt
1467 3055 1533 3121 ista
1555 3055 1670 3121 diebus

855 3157 1046 3224 maturanda
1069 3157 1147 3222 milui
1168 3157 1259 3222 saevi
1280 3155 1432 3224 mandata
1453 3158 1593 3242 tyranni.

855 3269 929 3346 post
950 3261 1041 3325 vobis
1063 3259 1216 3326 mandata
1239 3259 1350 3325 duho'.
1397 3261 1444 3325 sio
1465 3280 1519 3326 ore
1542 3261 1666 3327 locutus

854 3363 943 3448 ipsos
966 3363 1089 3448 privato
1111 3363 1206 3428 iussit
1226 3361 1358 3430 custode
1380 3364 1498 3443 teneri,

855 3465 948 3532 fortia
971 3466 1058 3531 factu
1081 3485 1208 3551 parans.
1254 3466 1322 3530 illis
1344 3485 1513 3551 superesse
1536 3468 1671 3532 salutem

855 3569 927 3651 quis
948 3569 1050 3654 potuit
1071 3588 1200 3653 sperare
1221 3568 1321 3633 viris‘l
1364 3569 1518 3653 patientia
1541 3570 1649 3653 magni

854 3677 973 3755 quanta
995 3670 1101 3736 ducis!
1149 3678 1269 3754 quauta
1293 3677 1343 3737 est
1364 3671 1468 3755 pietas
1490 3671 1654 3755 virtusque
1678 3671 1825 3755 regeurlil

853 3775 990 3840 barbam
1013 3773 1109 3840 corda
1131 3781 1256 3840 tument
1276 3773 1389 3839 insano
1411 3794 1546 3840 accensa
1570 3775 1685 3840 lurore.

854 3878 906 3944 hic
928 3879 1102 3944 clementer
1122 3877 1190 3960 agit
1212 3876 1382 3943 moderans
1405 3878 1563 3959 grauitate
1587 3877 1711 3943 latina.

853 3981 956 4047 noluit
976 3980 1088 4047 ulcisci
1112 3980 1274 4064 praesenti
1295 3987 1396 4046 morte
1419 3981 1590 4065 superbos,

854 4083 913 4149 sed
934 4084 1035 4150 voluit
1057 4083 1183 4148 salvare
1207 4082 1345 4148 humiles
1367 4081 1546 4167 fractosque
1569 4083 1689 4149 levare.

853 4186 899 4251 sic
921 4187 1021 4252 virtus
1043 4187 1188 4252 Murena
1210 4192 1320 4251 manet
1340 4204 1529 4269 semperque
1552 4187 1702 4251 manebit.

853 4288 983 4374 corripit
1003 4297 1036 4354 et
1058 4289 1179 4354 salvat.
1204 4287 1333 4353 veniam
1355 4286 1510 4371 promittit
1530 4289 1571 4353 ab
1594 4289 1653 4353 ira.

938 4391 1054 4457 extulit
1075 4399 1109 4456 ut
1131 4390 1231 4456 radiis
1255 4390 1423 4456 rutilantes
1444 4390 1575 4456 Lucifer
1596 4390 1689 4474 ignes

852 4495 972 4561 Oceani
995 4494 1138 4580 prolatus
1161 4493 1272 4576 aquis,
1298 4499 1375 4558 tunc
1396 4500 1502 4558 castra
1523 4494 1644 4559 moveri

852 4604 966 4664 cuncta
986 4597 1077 4663 iubet
1098 4595 1210 4661 ductor
1232 4594 1414 4678 densusque
1437 4596 1524 4661 exire
1546 4596 1738 4681 phalangas.

852 4699 945 4784 signa
968 4718 1087 4765 canens
1109 4697 1209 4782 gemit
1231 4696 1409 4762 horrendos
1431 4697 1498 4764 fera
1523 4698 1640 4764 bucina
1661 4707 1774 4765 cantus

852 4822 926 4868 aere
949 4821 1041 4882 cavo,
1069 4801 1243 4885 dulcesque
1266 4799 1400 4884 expellit
1421 4807 1548 4884 pectine
1571 4821 1708 4868 somnos.

852 4904 931 4971 daut
951 4905 1077 4970 animos
1099 4903 1178 4970 socii
1204 4903 1336 4987 (clamor
1355 4903 1490 4970 tentoria
1514 4904 1634 4988 miscet)

852 5008 1078 5090 hortanturque
1101 5026 1222 5091 parem.
1271 5004 1384 5070 famuli
1406 5012 1481 5071 tunc
1503 5006 1568 5071 fixa
1591 5008 1749 5073 revellunt

851 5111 924 5175 uela
947 5110 1031 5191 solo
1058 5108 1204 5194 alipedes
1227 5108 1347 5175 ducunt
1368 5109 1578 5193 praesepibus
1600 5110 1676 5175 altis

851 5220 979 5278 ornatos
1001 5212 1161 5297 phaleris,
1187 5218 1284 5292 atque
1307 5210 1413 5275 omniu
1436 5212 1499 5276 tela
1525 5221 1699 5277 resumunt.

531 5442 581 5492 178
600 5450 723 5504 quantum
743 5442 764 5489 T
874 5441 924 5490 479
943 5446 1031 5488 notum
1048 5447 1088 5486 est
1107 5438 1183 5487 Musa.
1296 5439 1433 5498 perhennis
1454 5437 1474 5483 Τ
1578 5423 1635 5485 lsu'
1648 5451 1704 5485 uam
1727 5439 1747 5485 T
1851 5437 2047 5500 seorsumque
2067 5439 2088 5486 Τ

460 5527 511 5578 4Θῖ
529 5530 608 5577 refers
624 5530 643 5576 Τ
727 5541 801 5577 canes
817 5531 845 5577 ln
861 5527 883 5576 Τ
984 5523 1044 5575 400.
1063 5524 1113 5573 lou
1132 5527 1235 5573 remlcte
1255 5523 1276 5570 Τ
1379 5522 1425 5572 501
1446 5526 1491 5585 qni
1507 5523 1528 5569 Τ
1632 5523 1680 5571 505
1698 5529 1814 5586 presente
1832 5525 1852 5572 Τ
1954 5523 2004 5573 506
2020 5525 2089 5574 salu·

461 5620 515 5662 tsre
539 5615 558 5661 Τ
671 5612 720 5662 508
737 5615 863 5675 promictit
886 5613 907 5659 Τ
1019 5611 1069 5659 510
1087 5613 1180 5659 occinui
1203 5611 1223 5657 Τ
1326 5610 1439 5670 prolutus
1458 5607 1535 5658 miss.
1651 5610 1700 5658 sta
1719 5623 1834 5671 sompnus
1856 5610 1875 5656 Τ
1983 5609 2090 5660 51110·

456 5703 495 5749 cil
514 5701 625 5759 11⁰0th
646 5702 719 5750 sotiis
741 5699 761 5746 Τ
