4440 6276
290 399 395 464 XLIV
984 397 1223 473 ‚rrnooamvu

292 622 351 688 sed
373 644 393 686 a
415 621 546 686 librario
569 620 722 704 quodam,
754 621 808 704 qui
836 629 868 686 et
891 620 1054 686 Cresconii
1084 621 1227 706 episcopi
1250 623 1398 688 Canones
1428 630 1461 688 et
1483 624 1647 689 Cresconii
1669 632 1782 709 poetae
1805 625 1925 690 Iohan-

292 741 385 808 nidos
414 741 557 806 codicem
588 740 730 805 viderat.
767 740 980 805 incertissima
1010 741 1191 806 coniectura
1218 741 1349 807 inventa
1377 762 1450 807 esse
1481 744 1559 808 satIs
1589 753 1725 829 apparet
1753 764 1772 811 e
1801 745 1920 827 verbis,

291 862 408 945 quibus
430 859 624 926 Iohannidos
646 859 839 925 mentionem
868 859 956 925 facit.
1003 860 1167 943 Quidquid
1190 882 1207 926 e
1231 860 1341 927 codice
1363 862 1560 928 Iohannidos
1582 863 1684 929 obiter
1705 864 1850 949 inspecto
1873 864 1924 931 ia·

292 981 410 1048 cillime
434 999 626 1064 cognoscere
648 986 789 1064 poterat,
824 980 976 1044 librorum
999 1001 1183 1059 numerum,
1217 989 1351 1047 metrum
1377 981 1556 1062 heroicum,
1589 982 1718 1049 titulum
1755 984 1804 1064 (de
1827 984 1923 1051 bellis

291 1100 452 1185 Libyen),
485 1120 600 1165 nomen
629 1099 769 1164 ductoris
799 1100 954 1165 celebrati
983 1100 1065 1166 bene
1095 1101 1192 1166 novit.
1241 1100 1306 1167 Sed
1336 1101 1390 1167 ubi
1420 1103 1514 1186 plura
1545 1101 1790 1170 delohannide
1820 1103 1922 1170 etde
1975 1131 1977 1134 ·

291 1220 461 1288 Cresconio
492 1227 587 1304 poeta
617 1218 758 1303 proferre
788 1219 916 1303 incipit,
949 1219 1112 1286 ariolator.
1160 1222 1285 1286 Bellum
1316 1222 1400 1287 enim
1424 1221 1650 1287 Saracenicum
1679 1244 1763 1288 anno
1785 1244 1818 1307 p.
1844 1223 1920 1289 Chr.

290 1363 323 1406 ιι.
349 1344 409 1405 697
433 1340 468 1405 in
490 1340 599 1405 Africa
621 1361 647 1412 a
663 1339 806 1404 Iohanne
829 1339 962 1424 patricio
984 1347 1110 1423 gestum
1133 1340 1311 1406 Iohannide
1335 1341 1473 1407 describi
1503 1342 1629 1426 opinari
1657 1362 1720 1408 non
1749 1342 1917 1427 potuisset,

296 1461 324 1526 si
346 1459 424 1526 certi
445 1459 620 1544 quidquam
643 1458 684 1524 de
706 1465 820 1544 poetae
843 1459 909 1524 rita
931 1461 983 1525 rel
1007 1459 1047 1525 de
1069 1468 1214 1544 tempore
1237 1462 1368 1544 saltem,
1394 1481 1457 1543 quo
1478 1460 1620 1544 uixerat,
1646 1468 1843 1546 compertum
1864 1462 1925 1527 ha-

290 1581 424 1646 buisset.
472 1578 578 1657 Quare
601 1579 729 1645 notulae
753 1579 871 1644 codicis
894 1579 1116 1662 l'allicellani,
1150 1602 1214 1663 qua
1236 1581 1322 1646 idem
1345 1581 1536 1647 Cresconius
1558 1579 1746 1666 episeopus,
1780 1581 1835 1665 qui
1857 1582 1923 1649 Oa-

291 1721 391 1766 nones
414 1699 596 1782 collegerit,
628 1698 839 1764 lohaunidem
870 1698 1038 1784 scripsisse
1068 1699 1185 1782 fertur,
1218 1700 1286 1766 iure
1316 1720 1374 1766 suo
1397 1701 1458 1766 m'ri
1480 1700 1564 1766 docti
1587 1701 1684 1766 fidem
1706 1700 1918 1785 denegarunt,

291 1820 438 1905 quamvis
460 1828 492 1885 et
514 1819 691 1903 Fogginius
713 1820 825 1885 eodem
848 1819 914 1885 iere
937 1826 1090 1904 tempore,
1116 1839 1179 1903 quo
1202 1820 1370 1901 Iohannis,
1398 1820 1563 1885 Canonum
1586 1821 1676 1886 illam
1699 1821 1921 1887 collectionem

290 1941 441 2026 scriptam
471 1959 543 2006 esse
573 1939 656 2004 bene
686 1938 967 2016 demonstraverit,
1001 1947 1033 2004 et
1054 1940 1322 2005 llazzuechellius
1352 1941 1455 2005 multa
1484 1940 1517 2004 in
1540 1940 1669 2026 Oorippi
1698 1941 1790 2007 libris
1812 1941 1920 2009 inesse

292 2061 417 2142 viderit,
443 2081 526 2144 quae
550 2060 735 2145 epIscopum
757 2078 821 2123 non
842 2057 1022 2124 dedeceant
1030 2061 1067 2141 ὅ).

377 2180 460 2245 Aliis
482 2179 580 2264 igitur
602 2177 795 2244 adiumentis
820 2179 948 2243 omnino
971 2178 1114 2244 destituti
1137 2178 1198 2243 viri
1221 2179 1307 2244 docti
1330 2179 1459 2265 Corippi
1482 2200 1534 2245 res
1556 2178 1751 2263 indagantes
1773 2181 1921 2249 inlibris

290 2301 360 2365 eins
391 2300 468 2365 solis
499 2299 699 2364 coniecturae
730 2298 834 2382 magis
863 2298 1006 2363 lubricae
1035 2319 1131 2382 quam
1161 2299 1292 2365 notitiae
1316 2307 1421 2366 certae
1445 2319 1557 2365 ausam
1580 2300 1818 2382 quaesiverunt.
1866 2302 1920 2366 Io-

290 2419 448 2485 hannidos
471 2418 670 2503 praefatione
693 2438 840 2503 proceres
863 2418 1147 2501 Carthaginienses
1170 2416 1359 2502 allocutus⁶l
1395 2425 1490 2504 poeta
1517 2426 1592 2485 tunc
1622 2419 1758 2503 primum
1786 2440 1821 2486 se
1851 2440 1922 2486 car-

292 2541 394 2618 mina,
420 2559 502 2622 quae
524 2539 558 2603 in
580 2538 743 2623 provincia
766 2539 871 2635 lateus
893 2537 1056 2620 panrerit,
1092 2539 1198 2620 palam
1222 2537 1308 2603 urbis
1331 2539 1457 2604 civibus
1478 2540 1604 2605 tradere
1626 2540 1837 2624 profitetur7).
1883 2542 1922 2607 In

291 2659 414 2745 patriae
437 2658 534 2742 igitur
556 2656 730 2741 municipio
753 2657 891 2740 quodam
914 2664 989 2722 tunc
1012 2657 1169 2741 Corippus
1192 2658 1420 2740 grammaticus
1444 2658 1534 2742 degit
1555 2666 1707 2740 naturae,
1739 2660 1916 2744 regionum,

293 2779 481 2863 populorum
498 2777 626 2843 Africae
642 2777 854 2860 gnarissimus
869 2783 989 2856 auctor,
1016 2784 1312 2858 rerumgestarum,
1338 2798 1419 2861 quas
1442 2778 1582 2844 carmine
1604 2779 1790 2858 celebravit,
1816 2780 1919 2846 testis.

290 2896 485 2977 lohaunide,
519 2917 614 2980 quam
637 2897 786 2982 perbrevi
808 2905 952 2980 tempore
975 2904 1047 2981 post
1070 2897 1190 2961 bellum
1214 2896 1391 2962 Mauricum
1413 2897 1553 2978 finitum,
1586 2918 1670 2963 anuo
1694 2902 1756 2962 549
1779 2900 1833 2964 vel
1855 2903 1919 2964 550

290 3018 418 3103 scripsit
427 3021 471 3102 Il,
504 3017 589 3083 viros
619 3036 689 3096 eos,
723 3017 779 3100 qui
801 3015 930 3082 Africae
959 3024 1034 3081 tunc
1063 3021 1250 3100 praeerant,
1282 3017 1459 3083 Iohannem
1489 3017 1678 3102 magistrum
1702 3017 1841 3083 militurn
1862 3039 1922 3104 per

291 3138 433 3204 Africam
455 3144 488 3203 et
508 3136 721 3202 Athanasium
743 3137 872 3201 Africae
895 3135 1052 3219 praetorio
1074 3134 1302 3219 praefectumI)
1330 3137 1462 3203 summis
1486 3137 1636 3203 laudibus
1657 3137 1789 3219 extulit,
1822 3138 1920 3204 Iusti-

288 3259 418 3323 nianum
449 3277 519 3321 raro
548 3255 721 3321 admodum
749 3275 809 3321 nec
838 3255 938 3319 nimia
967 3275 1105 3337 unquam
1136 3254 1321 3321 adulatione
1350 3256 1549 3323 memoravit.
1606 3257 1729 3322 Forsan
1758 3257 1818 3323 hoo
1846 3258 1918 3343 ipso

278 3384 437 3464 poe’mate
459 3376 597 3442 virorum
620 3374 869 3439 clarissimorum
892 3375 1034 3439 savorem
1057 3374 1121 3440 sibi
1142 3374 1189 3439 ita
1210 3375 1409 3457 conciliavit,
1442 3384 1478 3442 ut
1506 3396 1615 3442 eorum
1642 3396 1702 3461 ope
1724 3395 1743 3443 e
1765 3377 1835 3443 loco
1858 3378 1920 3443 hu-

292 3497 361 3563 mili
383 3504 415 3562 et
437 3496 571 3561 obscuro
593 3494 730 3559 maiores
752 3493 794 3558 ad
817 3512 891 3578 spes
914 3500 1044 3560 erectus
1068 3494 1257 3578 Byzantium
1284 3494 1463 3561 mitteretur
1484 3516 1664 3577 munusque
1685 3495 1720 3561 id
1743 3496 1915 3582 acciperet,

290 3637 352 3701 quo
370 3614 541 3682 Iustiniani
563 3613 764 3698 imperatoris
787 3613 949 3695 extremis,
975 3613 1089 3679 Iustini
1111 3612 1222 3698 primis
1238 3616 1433 3700 temporibus
1448 3615 1654 3698 fungebatur.
1693 3615 1803 3682 Altero
1818 3616 1916 3697 enim,

291 3737 378 3820 quod
400 3743 527 3820 tempus
548 3734 632 3815 tulit,
657 3733 690 3798 in
713 3753 820 3817 opere,
847 3733 1042 3817 panegyrico
1065 3733 1098 3798 in
1121 3733 1250 3799 laudem
1273 3735 1387 3800 Iustini
1410 3735 1541 3800 minorIs
1563 3742 1658 3817 poeta
1679 3734 1749 3819 ipse
1773 3755 1807 3802 se
1830 3736 1917 3820 priu-

290 3857 372 3942 cipis
401 3855 540 3921 officium
572 3861 700 3937 gestare
729 3852 908 3934 fatetur¹¹).
955 3852 1048 3930 Quod
1078 3852 1215 3918 officinm
1247 3854 1342 3936 quale
1371 3853 1469 3951 fuerit
1497 3875 1560 3920 non
1586 3854 1823 3937 dubitaremus,
1855 3855 1919 3921 nisi
1975 3868 1987 3878 ‘

289 3998 361 4043 eum
385 3977 489 4041 locum
517 3972 615 4058 (laud.
640 3975 721 4039 lust.
738 3974 784 4037 IV
802 3974 995 4054 rsa-190),
1022 3994 1083 4057 quo
1106 3980 1219 4057 poetae
1244 3973 1351 4038 verbis
1374 3972 1503 4039 disertis
1526 3975 1770 4056 memorabatur,
1797 3974 1920 4040 librarii

255 4066 261 4077 ¹
289 4094 496 4180 neglegentia
531 4092 679 4159 mutilum
715 4091 816 4157 codex
848 4090 1046 4158 Matritensis
1082 4092 1259 4158 exhiberet.
1320 4092 1477 4177 Corippus
1512 4093 1559 4159 ibi
1595 4100 1721 4177 namet,
1761 4093 1919 4177 quomedo

290 4223 415 4283 strenas
447 4214 590 4279 lustinus
624 4212 735 4278 consul
770 4210 1016 4296 dispensaverit.
1069 4210 1211 4277 Primum
1244 4220 1406 4278 senatores
1439 4211 1594 4296 citantur,
1634 4220 1706 4297 post
1738 4233 1794 4280 eos
1827 4213 1920 4281 dein-

291 4355 369 4420 ceps
391 4334 452 4399 viri
474 4333 625 4418 quidam,
658 4331 713 4414 qui
742 4331 902 4397 senatoria
931 4329 1088 4414 dignitate
1118 4330 1285 4398 inferiores
1307 4332 1423 4397 iisdem
1445 4338 1569 4415 amen,
1601 4332 1718 4414 quibus
1740 4341 1914 4417 senatores,

541 4508 700 4515 .-——-

376 4614 401 4673 5]
422 4611 557 4672 Fogglnlus
580 4612 609 4659 ln
632 4608 749 4658 editionis
773 4608 930 4670 praelatique
953 4622 978 4668 p.
1000 4608 1049 4657 XII
1071 4609 1105 4671 (p.
1127 4608 1198 4656 LXII
1221 4611 1287 4672 apud
1311 4609 1471 4669 Bellatum).
1509 4609 1719 4660 Mazzncchelllus
1743 4611 1771 4660 in
1796 4611 1917 4661 edltlcula

290 4699 443 4764 praelatione
461 4711 488 4760 p.
508 4696 547 4745 IX
569 4696 602 4759 (p.
623 4694 672 4742 XV
689 4695 755 4757 apud
774 4694 935 4749 Behlremmt.

377 4800 402 4862 6)
423 4800 474 4847 Ich.
494 4800 572 4861 prael.
594 4797 617 4847 1.
639 4796 680 4847 35.

378 4903 401 4964 7)
424 4902 479 4952 Cor.
500 4901 552 4951 loh.
573 4901 651 4964 prael.
672 4898 704 4948 25
723 4894 858 4966 qnid[quId
876 4895 931 4966 ego]
949 4901 1052 4960 Ignarus
1070 4899 1194 4961 qnondam
1211 4913 1255 4961 per
1273 4913 1330 4947 rnre
1349 4901 1462 4959 loeutus,

722 4986 792 5035 urbis
810 5000 856 5049 per
872 4986 977 5048 populos
994 4987 1104 5034 earmina
1123 4985 1195 5033 mitto
1213 4986 1305 5049 palam.

290 5083 419 5146 Fuerunt,
445 5082 490 5144 qut
508 5094 522 5129 e
541 5093 616 5129 uersu
634 5078 667 5128 25
687 5080 822 5141 Corlppnm
840 5083 898 5128 ante
916 5079 1078 5128 lohaunidem
1097 5081 1206 5128 carmina
1223 5080 1334 5129 bucolica
1351 5082 1482 5142 scrIpeIsse
1501 5081 1671 5131 demonstrare
1688 5094 1762 5145 posse
1781 5082 1829 5130 eibi
1847 5082 1919 5131 ride-

290 5175 386 5218 rentur.
424 5168 457 5218 cl.
477 5166 566 5216 Baehr.
587 5164 678 5214 Gesch.
698 5166 743 5213 der
760 5167 822 5215 ιόιιι.
842 5165 971 5213 thsmtnr
989 5163 1013 5214 1⁴
1030 5181 1055 5228 p.
1077 5165 1137 5215 650.
1175 5165 1224 5215 Sed
1248 5167 1330 5214 verbIs
1357 5167 1415 5228 ‘per
1434 5165 1512 5226 rura',
1540 5181 1603 5228 quae
1627 5168 1695 5217 nrbls
1720 5168 1819 5217 clribue
1842 5182 1919 5231 oppo-

290 5260 394 5315 nuntur,
415 5253 480 5302 uihll
497 5252 631 5301 denotatur
647 5251 698 5299 nisi
716 5252 795 5313 loeus,
815 5251 858 5299 ubl
877 5256 950 5299 autea
967 5252 1039 5314 poeta
1057 5253 1171 5301 latuerat.

377 5365 402 5427 8)
423 5366 476 5414 loh.
495 5365 576 5428 prael.
599 5364 622 5413 l.
642 5361 668 5413 2.
690 5362 730 5414 13.
751 5361 793 5412 22.
815 5362 857 5412 33.
889 5360 1014 5412 19-13.

376 5469 402 5530 9]
422 5469 475 5518 loh.
496 5469 531 5516 1v
549 5465 696 5517 aar-239.
721 5466 771 5514 VII
791 5464 935 5515 199-208.

379 5571 418 5635 10)
438 5571 491 5620 loh.
512 5572 524 5619 1
543 5568 652 5620 14-22,
673 5568 759 5618 1124.
779 5568 815 5616 IV
833 5568 892 5618 687.
913 5570 962 5618 vll
983 5569 1040 5618 lle.

379 5675 420 5737 ll)
440 5676 529 5723 haret.
551 5673 593 5723 lt.
614 5672 656 5722 48.
