4440 6276
353 462 393 527 22
1070 461 1246 518 HISTORIA

287 648 328 710 39
439 653 507 717 Rex
536 652 671 716 Hunirix
699 650 927 717 Wandalorum
958 658 991 716 et
1019 653 1192 717 Alanorum
1222 651 1381 716 universis
1411 649 1570 734 episeopis
1600 647 1827 712 homousianis.
1884 644 1970 709 ‘Non

354 754 470 837 semel,
492 755 569 819 sed
606 755 734 838 saepius
772 761 896 820 constat
931 774 1003 820 esse
1036 754 1246 839 prohibitum,
1288 762 1322 818 ut
1356 753 1390 816 iu
1428 752 1564 816 sortibus
1597 751 1826 815 Wandalorum
1864 768 1971 813 sacer-

354 854 446 922 dotes
479 859 575 922 vestri
609 865 783 923 conventus
815 857 945 924 minime
975 859 1189 940 celebrarent,
1226 878 1267 923 ne
1297 878 1356 922 sua
1385 855 1569 921 seductione
1599 854 1724 919 animas
1754 854 1973 918 subverterent

353 959 563 1025 Christianae.
604 958 707 1038 Quam
721 981 787 1025 rom
804 969 990 1045 spernentes
1011 961 1140 1046 plurimi
1162 980 1246 1025 nune
1268 959 1384 1044 reperti
1407 965 1481 1022 stunt
1502 965 1611 1023 contra
1632 956 1834 1022 interdictum
1857 955 1973 1018 missas

353 1062 387 1126 in
402 1063 539 1128 sortibus
555 1064 783 1129 Wandalorum
799 1064 916 1146 egisse,
942 1072 1122 1130 asserentes
1137 1083 1173 1129 se
1188 1064 1345 1146 integram
1360 1062 1505 1145 regulam
1528 1059 1730 1126 Christianae
1751 1058 1827 1123 fidei
1849 1065 1970 1124 tenere.
1994 1074 2006 1112 a

353 1165 394 1229 Et
415 1165 491 1247 quia
509 1165 543 1230 in
564 1167 737 1250 provinciis
758 1186 778 1231 a
800 1166 861 1232 deo
882 1168 975 1233 nobis
998 1168 1157 1233 concessis
1179 1166 1365 1232 scandalum
1389 1185 1461 1230 esse
1483 1165 1640 1244 uolumus,
1664 1163 1802 1244 ideoque
1825 1161 1876 1225 dei
1900 1180 1973 1244 pro

353 1266 497 1332 videntia
525 1288 595 1334 cum
622 1289 779 1334 consensu
802 1277 982 1335 sanctorum
1004 1271 1223 1355 episcoporum
1246 1277 1423 1335 nostrorum
1446 1267 1505 1333 hoc
1526 1286 1584 1331 nos
1607 1267 1756 1331 statuisse
1778 1263 1971 1347 cognoscite,

355 1377 390 1435 ut
417 1369 460 1435 ad
488 1370 573 1436 diem
596 1372 816 1437 Kalendarum
839 1373 1084 1439 Februariarum
1114 1373 1257 1457 proxime
1286 1372 1482 1453 futurarum,
1515 1371 1634 1434 amissa
1663 1369 1748 1434 omni
1770 1366 1974 1433 excusatione

355 1472 550 1555 formidinis,
576 1493 686 1540 omnes
709 1475 936 1558 Carthaginem
960 1475 1113 1556 veniatis,
1147 1484 1181 1541 ut
1203 1476 1244 1541 de
1267 1475 1387 1540 ratione
1409 1473 1485 1538 tidei
1507 1492 1579 1537 cum
1601 1472 1716 1537 nostris
1738 1467 1975 1536 venerabilibus

356 1576 515 1661 episcopis
530 1576 662 1660 possitis
680 1576 761 1644 inire
777 1577 965 1662 conflictum,
992 1586 1024 1645 et
1045 1579 1087 1644 de
1108 1577 1171 1643 fide
1193 1578 1482 1658 homousianorum,
1507 1595 1602 1658 quam
1619 1573 1802 1655 defenditis,
1828 1572 1868 1638 de
1891 1571 2025 1636 divi-10

277 1725 283 1736 .
355 1677 406 1743 nis
428 1679 593 1763 scripturis
606 1680 734 1764 proprie
749 1680 941 1765 adprobetis,
968 1702 1029 1764 quo
1047 1681 1149 1766 possit
1169 1681 1311 1764 agnosci,
1333 1681 1366 1744 si
1387 1679 1544 1762 integram
1566 1678 1662 1743 iidem
1683 1675 1833 1743 teneatis.
1871 1674 1976 1739 Huius

356 1789 462 1847 autem
478 1781 574 1848 edicti
588 1789 728 1848 tenorem
751 1784 910 1850 universis
933 1784 1129 1869 coepiscopis
1151 1784 1215 1849 tuis
1236 1805 1294 1869 per
1308 1784 1489 1848 universam
1505 1780 1646 1845 Africam
1662 1780 1840 1845 constitutis
1856 1777 1977 1843 direxi·

356 1887 452 1949 mns'.
499 1884 585 1950 Data
606 1887 665 1951 sub
687 1885 741 1951 die
762 1886 854 1951 tertio
877 1886 1000 1952 decimo
1022 1886 1189 1952 Kalendas
1210 1887 1320 1952 Iunias
1342 1905 1427 1951 anno
1449 1884 1584 1969 septimo
1607 1883 1761 1948 Hunirici.
1907 1968 1910 1977 ι

290 1991 331 2050 411
444 1988 531 2053 XIV.
556 1989 793 2072 Cognoscentes
807 1988 906 2072 igitur
920 1990 974 2072 qui
996 1989 1166 2055 aderamus
1190 1988 1349 2073 simulque
1372 1990 1528 2070 legentes,
1555 1985 1723 2051 contritum
1746 1993 1795 2051 est
1816 1984 1977 2067 extemplo

357 2111 411 2156 oor
439 2098 580 2156 nostrum
610 2099 642 2157 et
664 2092 879 2158 contenebrati
902 2101 977 2158 sunt
1005 2093 1089 2158 oculi
1119 2093 1237 2174 nostri,
1271 2099 1303 2157 et
1324 2112 1399 2158 vere
1421 2099 1497 2156 tunc
1519 2089 1589 2154 dies
1611 2088 1686 2154 festi
1708 2088 1809 2154 nostri
1831 2086 1975 2152 conversi
1999 2107 2027 2145 rs

359 2202 433 2260 snut
459 2194 493 2258 in
523 2195 641 2260 luctum
671 2202 704 2260 et
732 2196 856 2261 candca
885 2195 917 2260 in
940 2196 1215 2277 lamentationem,
1250 2195 1325 2260 dum
1347 2195 1444 2260 edicti
1466 2201 1557 2259 tenor
1577 2192 1736 2257 indicaret
1756 2191 1883 2256 futurae
1906 2210 1978 2274 pcr-

358 2297 530 2364 secutionis
544 2297 695 2379 furorem,
721 2304 753 2363 et
767 2299 954 2382 praesertim
970 2299 1026 2364 ubi
1041 2299 1138 2363 dixit:
1170 2300 1218 2364 ‘in
1240 2298 1414 2383 provinciis
1430 2297 1525 2362 adeo
1547 2296 1639 2361 nobis
1661 2295 1820 2360 concessis
1842 2293 1978 2359 scanda-

358 2402 424 2466 lum
440 2419 512 2466 csse
526 2401 706 2466 nolumus':
732 2401 825 2484 quasi
848 2402 969 2467 diceret
995 2402 1042 2466 ‘in
1065 2402 1237 2486 provinciis
1252 2402 1369 2478 nostris
1384 2400 1557 2466 catholicos
1572 2418 1644 2464 esse
1666 2400 1840 2463 nolumus’.
1880 2398 1980 2461 Γ1111111

359 2511 459 2570 tatum
476 2510 526 2569 est
539 2501 616 2586 quid
631 2503 731 2568 fieret.
768 2503 902 2569 Nullum
916 2504 1039 2570 invenit
1053 2506 1228 2571 remedium
1244 2505 1415 2570 imminens
1431 2503 1608 2585 calamitas,
1634 2503 1696 2567 nisi
1712 2523 1733 2567 a
1747 2509 1856 2567 saneto
1871 2501 1979 2583 Euge·

359 2606 413 2671 nio
435 2605 651 2687 rationabilis,
678 2606 705 2670 si
728 2623 781 2670 cor
802 2608 971 2672 barbamm
994 2607 1181 2686 molliretur,
1208 2608 1412 2692 suggerenda
1433 2607 1572 2688 daretur,
1597 2606 1656 2670 tali
1677 2611 1765 2671 textu
1788 2603 1977 2688 conscripta.
2000 2622 2029 2662 11

293 2713 331 2771 41
450 2708 621 2787 ‘Quotiens
636 2707 762 2774 animae
780 2710 833 2775 vel
848 2709 934 2775 vitae
949 2717 1100 2776 aeternae
1122 2730 1161 2776 ae
1182 2710 1258 2777 fidei
1274 2711 1477 2778 Christianae
1499 2728 1599 2775 causa
1619 2714 1782 2788 mactatur,
1808 2706 1977 2791 intrepide,

362 2811 446 2877 sicut
462 2811 582 2895 regalis
603 2810 806 2896 providentia
827 2813 1041 2897 conpromisit,
1066 2833 1199 2879 necesse
1222 2821 1272 2879 est
1293 2814 1378 2896 quod
1400 2812 1540 2898 conpetit
1561 2818 1758 2896 suggeratur.
1799 2810 1911 2894 Nuper
1924 2830 1981 2893 po

362 2921 463 2981 testas
492 2915 583 2999 regia
610 2934 668 3000 per
689 2915 805 2981 Vitarit
832 2916 988 2982 notarium
1018 2917 1207 3002 parvitatem
1237 2937 1343 2982 meam
1365 2917 1536 2982 admouere
1558 2915 1693 2998 dignata
1715 2921 1780 2994 est,
1813 2913 1868 2996 qui
1889 2912 1981 2978 nobis

364 3018 477 3083 merito
504 3018 671 3101 religionis
699 3039 738 3084 ac
767 3019 843 3085 fidei
865 3026 1071 3105 praeceptum
1093 3021 1163 3086 eius
1185 3021 1218 3084 in
1241 3019 1381 3086 ecelesia
1402 3025 1571 3104 praesente
1593 3018 1678 3083 clero
1700 3024 1735 3082 et
1754 3016 1849 3101 plebe
1871 3035 1982 3081 recen-

364 3121 438 3188 suit.
486 3122 534 3186 ux
564 3121 655 3188 euius
682 3128 793 3188 tenore
821 3124 1044 3207 cognovimus,
1078 3124 1120 3189 ad
1151 3142 1261 3189 omnes
1290 3122 1494 3208 coepiscopos
1521 3141 1610 3187 meos
1631 3126 1837 3205 praeceptum
1858 3116 1981 3201 regium
2001 3136 2032 3179 as

365 3224 512 3289 similiter
532 3243 710 3307 emanasse,
736 3224 846 3292 ut'die
868 3227 1040 3293 constituta
1060 3247 1117 3311 pro
1140 3226 1354 3312 disputatione
1376 3224 1452 3291 fidei
1474 3224 1636 3290 veniatur:
1663 3222 1747 3306 quod
1768 3241 1827 3287 nos
1849 3238 1984 3287 venera·

364 3328 472 3393 biliter
501 3327 666 3413 accepisse
694 3329 925 3411 suggessimus.
972 3330 1032 3396 Cni
1055 3330 1198 3415 praefato
1227 3329 1348 3395 notario
1377 3328 1542 3394 humilitas
1564 3346 1637 3392 mea
1658 3325 1838 3409 suggessit,
1865 3325 1982 3390 debere

366 3431 463 3496 etiam
485 3431 768 3496 transmarinarum
791 3433 931 3497 omnium
953 3433 1106 3517 partium,
1139 3433 1194 3517 qui
1216 3434 1380 3499 nobiscum
1403 3440 1478 3497 sunt
1506 3431 1538 3495 in
1561 3451 1625 3495 una
1646 3430 1802 3513 religione
1823 3429 1876 3493 vel
1899 3447 1985 3493 com-

366 3533 532 3615 munione,
562 3539 723 3599 consortes
745 3553 936 3618 agnoscere,
962 3535 1038 3617 quia
1060 3536 1177 3619 ubique
1199 3557 1297 3620 regno
1320 3537 1389 3602 eius
1412 3537 1631 3619 obtemperant
1652 3532 1809 3598 universi:
1847 3531 1985 3596 manime

301 3640 342 3702 42
369 3637 455 3721 quod
475 3636 572 3702 totius
593 3636 705 3702 muudi
728 3637 770 3703 sit
791 3657 899 3722 causa,
924 3658 987 3703 non
1010 3639 1158 3723 specialis
1181 3640 1414 3725 provinciarum
1432 3639 1653 3703 Africanarum
1675 3634 1903 3702 tautummodo.
1945 3634 1985 3698 Et
2005 3655 2034 3694 so

368 3740 444 3825 qnia
472 3738 612 3806 secundo
638 3759 793 3825 responso
823 3741 1059 3825 suggerendam
1088 3762 1140 3808 me
1168 3741 1300 3826 promisi
1330 3743 1525 3824 oblaturum,
1557 3739 1668 3805 merito
1698 3738 1884 3823 suppliciter
1912 3743 1984 3821 peto

368 3841 637 3926 magnificentiam
660 3849 758 3926 tuam,
784 3851 820 3908 ut
841 3842 884 3908 ad
905 3843 1012 3909 domni
1035 3852 1067 3910 et
1089 3845 1329 3910 clementissimi
1351 3844 1437 3927 regis
1460 3862 1554 3909 aures
1576 3848 1782 3908 memoratam
1804 3840 1985 3924 suggestio

368 3966 441 4012 uem
457 3966 561 4012 meam
576 3944 717 4030 perferre
732 3945 888 4030 digneris:
915 3966 977 4029 qno
992 3947 1062 4013 eius
1085 3947 1254 4014 clementia
1276 3948 1446 4032 dignantm
1467 3954 1630 4029 agnoscat,
1657 3965 1714 4010 nos
1738 3944 1984 4029 disputationem

441 4207 452 4256 l
473 4205 577 4254 hunirtx
596 4206 657 4253 BV:
679 4205 806 4256 huniricns
824 4207 856 4268 B,
876 4207 1009 4256 hunericus
1027 4208 1065 4269 lp
1203 4210 1353 4258 omousianis
1371 4209 1420 4269 Bp,
1439 4209 1576 4256 omnsinnis
1594 4207 1648 4268 BV,
1668 4207 1805 4255 emusisnis
1823 4206 1845 4252 L
1865 4206 1945 4270 (codes
1964 4208 1985 4252 A

373 4293 407 4354 11,
428 4296 460 4342 37
479 4307 531 4355 sqq.
550 4305 644 4354 semper
660 4298 721 4341 recte
739 4293 808 4342 tutet
826 4294 936 4344 homous.
958 4308 1012 4341 cum
1030 4295 1047 4342 h
1065 4296 1153 4358 littero)
1279 4295 1294 4343 2
1318 4296 1473 4343 consortibus
1493 4310 1511 4355 p
1615 4293 1629 4340 3
1649 4306 1694 4340 nec
1712 4306 1756 4339 sus
1774 4292 1896 4340 seditione
1916 4291 1953 4352 Rp

371 4379 552 4442 dsperneutss
570 4391 657 4440 remp
772 4392 838 4427 nunc
857 4379 911 4440 Bp:
930 4392 978 4427 om.
999 4379 1070 4426 BLV
1183 4387 1244 4429 suut
1261 4383 1386 4443 repertip
1507 4379 1620 4439 5egtsss
1639 4378 1722 4426 BLV:
1741 4380 1821 4426 isoere
1839 4377 1893 4439 Bp‚·
1913 4392 1988 4438 supro

372 4466 408 4526 11,
430 4469 444 4513 4
465 4467 553 4514 missus
571 4478 642 4525 agere
762 4464 918 4514 Christianus
935 4481 962 4514 sc
981 4479 1053 4514 nerse
1072 4466 1128 4514 iidei
1149 4465 1206 4516 Lcr.
1227 4473 1249 4514 et
1267 4468 1339 4527 vulpe
1462 4467 1477 4514 b’
1495 4466 1601 4526 ideoque
1620 4463 1720 4524 BBVp:
1744 4463 1800 4512 ideo
1819 4463 1841 4511 L
1858 4469 1880 4511 et
1897 4465 1985 4524 ’κάμω

372 4553 406 4613 cs.
422 4551 460 4612 11,
475 4551 507 4598 24
526 4552 670 4609 colligantes
686 4551 867 4613 lamminssque
886 4553 945 4601 isrri
965 4588 970 4601 .
988 4587 994 4600 .
1015 4553 1171 4615 adponebant
1277 4553 1366 4601 icum
1385 4552 1498 4601 sensuV
1601 4551 1801 4599 Bisnusrisrum
1814 4550 1888 4600 Bem.
1904 4555 1954 4618 etp

372 4639 463 4686 smisso
482 4635 512 4698 L,
532 4637 623 4685 omlsss
641 4636 698 4684 Lor.
719 4642 741 4684 st
757 4639 832 4698 culpo
934 4652 1006 4686 omne
1024 4638 1072 4684 BV
1182 4638 1358 4699 bearthsgine
1376 4638 1489 4699 BB(·i}V,
1509 4636 1685 4696 Carthagiuip
1800 4636 1830 4685 to
1849 4645 1877 4684 ut
1895 4643 1954 4697 etp

373 4720 729 4782 deiideBLBV:1idemp
848 4726 1045 4772 omousianorum
1065 4723 1118 4782 LB,
1148 4726 1350 4774 omousianorum
1369 4724 1417 4772 BV
1535 4722 1566 4770 de
1586 4736 1670 4783 osup
1791 4723 1899 4771 diuersis
1917 4723 1956 4783 Bp

377 4809 406 4859 12
419 4809 571 4871 coepiscopis
585 4807 638 4868 Rp.-
653 4810 775 4871 episcopis
788 4809 858 4857 BLV
867 4814 891 4857 st
902 4810 989 4870 11111901
1002 4809 1038 4869 cf.
1052 4825 1076 4858 s.
1091 4808 1125 4857 25
1137 4816 1195 4870 etp.
1211 4810 1255 4873 23,
1272 4808 1301 4860 13
1315 4815 1338 4858 et
1353 4809 1380 4858 li
1489 4806 1640 4857 isarnus
1742 4810 1847 4871 septimo
1859 4811 1921 4856 met:
1936 4822 1992 4869 sep-

374 4897 436 4944 timo
447 4895 518 4954 regui
536 4893 575 4943 cd.
590 4893 665 4943 Burin.
771 4893 878 4944 hnuirlcl
892 4895 928 4942 B:
947 4896 1063 4944 bunurici
1075 4896 1129 4957 BV,
1151 4896 1263 4945 hunerici
1276 4896 1313 4956 Lp
1325 4901 1348 4942 ct
1359 4897 1434 4955 culpo
1540 4893 1570 4943 li
1588 4896 1793 4955 cognoscentibus
1808 4932 1813 4942 .
1831 4931 1837 4942 .
1852 4896 1993 4954 legentibus

374 4983 479 5030 contrite
496 4985 557 5028 suut
573 4980 699 5041 extemplo
717 4979 787 5029 ecrds
804 4982 927 5030 nostrsL
1031 4983 1184 5043 exemploV
1287 4982 1318 5030 lb
1336 4979 1556 5029 lsmerrtstioueli
1660 4980 1690 5028 ii
1709 4982 1844 5042 prouinciis
1862 4980 1916 5041 Rp:
1935 4995 1990 5041 pro·

374 5051 867 5126 1111111101111131111,1111111111.6
968 5069 1122 5116 nobisadeo
1134 5068 1172 5128 Bp
1278 5068 1309 5116 18
1327 5068 1397 5130 qussi
1410 5067 1676 5116 diceret..nolumus
1689 5081 1735 5114 om.
1750 5066 1789 5126 lip
1894 5065 1925 5114 19
1944 5068 1992 5114 nisi

374 5153 491 5201 sBLV:
510 5152 580 5199 'luuc
599 5150 645 5212 Bp,
666 5152 715 5200 nisi
733 5159 762 5199 ut
779 5167 792 5200 s
811 5153 849 5202 ed.
870 5152 946 5202 Boin.
1069 5155 1148 5202 sarrcti
1169 5156 1220 5215 (sic)
1241 5156 1347 5214 eugenio
1365 5154 1387 5200 ll
1508 5152 1541 5200 20
1559 5153 1714 5201 rationsbssis
1732 5152 1815 5199 BLV:
1839 5153 1991 5200 rationabilis

374 5252 447 5287 csuss
465 5239 521 5286 uisa
542 5237 605 5298 (uisa
623 5250 696 5284 rausa
711 5237 735 5298 p)
758 5244 797 5286 est
815 5237 854 5299 Bp
966 5243 1041 5287 siccos
1059 5238 1079 5286 L
1192 5242 1382 5300 barbarorump
1495 5238 1650 5299 suggerendo
1668 5241 1690 5286 si
1709 5238 1813 5297 legende
1831 5238 1932 5286 daretur
1949 5240 1991 5286 tsli

375 5332 447 5374 textu
464 5325 570 5386 epistola
587 5324 724 5384 consculpis
742 5323 780 5384 Bp
884 5323 916 5372 22
935 5332 972 5372 est
990 5330 1020 5373 ut
1037 5327 1102 5386 quod
1121 5325 1159 5374 cd.
1181 5325 1258 5375 Boin.
1365 5325 1396 5374 23
1416 5326 1560 5373 uidsredum
1580 5323 1617 5381 L,
1640 5326 1794 5384 uicariump
1898 5331 1991 5372 ammo·

375 5425 434 5460 nere
452 5408 500 5457 BV
613 5407 645 5457 24
663 5410 751 5457 merito
769 5410 896 5470 religionis
914 5424 941 5458 se
959 5411 1016 5459 iidei
1035 5411 1089 5473 Rp:
1108 5413 1197 5460 merito
1214 5427 1241 5460 sc
1260 5413 1388 5472 religionis
1407 5411 1465 5459 iidei
1482 5411 1537 5473 BV,
1558 5412 1590 5459 de
1608 5412 1696 5459 merito
1713 5425 1740 5457 ac
1758 5411 1876 5469 religione
1896 5411 1952 5458 tidei
1972 5410 1991 5457 L

374 5502 397 5545 ct
413 5497 488 5556 culpo
591 5501 741 5556 preceptsp
844 5492 911 5562 ains]
930 5496 977 5544 eL
1081 5496 1114 5545 28
1132 5498 1363 5546 trsnsnrsrinnml'
1465 5499 1574 5558 partium
1592 5496 1744 5547 omuinmL
1848 5499 1918 5544 nobis
1936 5496 1957 5543 L

376 5581 408 5645 29
427 5583 469 5630 ubi
488 5582 514 5628 in
533 5579 647 5641 regnoL
750 5582 805 5628 cius
823 5595 870 5629 om.
892 5581 930 5642 Bp
1033 5582 1248 5642 obtemporantV
1367 5583 1399 5630 :to
1418 5584 1451 5630 sit
1469 5582 1560 5631 an
1672 5582 1810 5630 africanum
1830 5581 1883 5640 Bl',
1904 5584 2018 5630 atrise·

376 5682 461 5717 nonum
482 5665 503 5713 L
624 5666 652 5714 31
674 5663 793 5732 seeundo]
812 5674 897 5715 ssncto
914 5682 947 5727 p,-
968 5668 1103 5715 seeundum
1123 5681 1269 5729 responsum
1289 5667 1421 5716 Mommsen
1545 5667 1724 5727 suggerendum
1744 5666 1789 5714 LB
1909 5681 1993 5729 precor

377 5755 414 5817 Bp
519 5752 550 5801 32
569 5752 653 5800 domni
671 5751 756 5798 11111’.·
776 5753 869 5800 rlomini
887 5752 925 5814 Lp
1030 5753 1060 5801 :33
1079 5761 1191 5802 ssnoscst
1209 5755 1230 5801 B
