4440 6276
323 437 368 501 Vl
1024 431 1256 488 Paooaulvu.

325 654 536 721 Germanicae
560 654 664 719 fontes
695 653 809 718 studiis
832 653 956 719 iteratis
985 655 1136 738 colligere
1166 655 1426 740 limpidioresque
1455 657 1631 722 litterarum
1655 658 1809 724 studiosis
1830 659 1958 724 tradere

326 782 449 854 curant,
476 793 544 838 ere
559 793 610 837 me
627 773 785 837 iacturum
803 773 941 857 sperari.
969 773 995 838 si
1012 774 1142 859 Corippi
1165 774 1256 839 libris
1278 776 1485 840 recensis-
1507 798 1582 841 nam
1604 798 1645 842 ne
1668 779 1805 843 alterum
1828 778 1958 861 quidem

326 892 470 959 eiusdem
500 911 630 956 carmen
660 892 692 956 in
722 891 851 957 laudem
874 893 991 958 Iustini
1021 893 1229 978 compositum
1260 894 1480 961 alohannide
1511 904 1596 962 recte
1626 897 1770 981 separari
1792 899 1894 981 potuit
1917 936 1958 944 -

325 1033 388 1077 non
418 1011 514 1075 modo
543 1030 646 1095 pauca
675 1011 716 1076 de
746 1010 813 1076 vita
842 1013 982 1078 auctoris
1011 1022 1045 1078 et
1073 1013 1115 1078 de
1143 1012 1308 1080 codicibus
1330 1014 1373 1080 ad
1395 1014 1478 1080 bane
1499 1015 1671 1081 editionem
1694 1016 1865 1096 adhibitis,
1899 1018 1958 1082 sed

325 1131 423 1196 etiam
447 1149 563 1209 rerum,
590 1151 673 1212 quae
696 1131 876 1198 Iohannide
898 1131 1139 1199 adumbrentur.
1163 1134 1379 1199 narrationem
1401 1136 1594 1201 subcinctum
1618 1137 1867 1221 praemisissem.
1911 1139 1958 1202 Ac

325 1249 521 1334 temporibus
544 1249 674 1333 quidem
698 1258 731 1315 et
752 1251 832 1316 locis
856 1253 1014 1334 maxime,
1047 1252 1164 1336 quibus
1184 1253 1341 1335 Vandali,
1374 1255 1495 1335 blauri,
1529 1256 1677 1339 Byzantii
1704 1256 1788 1322 inter
1816 1276 1852 1322 se
1881 1277 1958 1322 con-

323 1368 480 1449 flixerint,
514 1369 710 1452 indagandis
732 1390 863 1455 operam
886 1371 980 1443 dedi,
1017 1391 1088 1436 cum
1111 1379 1145 1437 et
1171 1373 1408 1457 chronologiam
1430 1381 1464 1439 et
1483 1376 1727 1460 topographiam
1751 1396 1856 1442 rerum
1879 1383 1955 1442 tunc

323 1489 357 1554 in
380 1489 490 1554 Airica
519 1499 682 1572 gestarum
713 1490 911 1576 crepuscuiis
932 1491 1125 1574 quibusdam
1148 1512 1187 1557 ac
1208 1513 1313 1577 paene
1333 1493 1476 1559 tenebris
1495 1493 1643 1560 obtusam
1666 1515 1738 1560 esse
1761 1495 1795 1560 in
1817 1496 1957 1581 Corippo

325 1609 463 1692 legendo
486 1611 567 1675 satis
590 1630 751 1695 superque
773 1610 1017 1676 intellexissem.

410 1730 495 1794 Belli
517 1730 651 1795 Maurici
680 1750 764 1814 quae
793 1730 836 1794 sit
858 1731 959 1813 origo,
992 1732 1158 1815 quaerenti
1186 1731 1321 1797 Iohanni
1351 1733 1505 1817 magistro
1532 1734 1669 1800 militum
1692 1735 1872 1801 Caecilides
1901 1736 1959 1799 tri·

324 1850 430 1914 bunus
452 1850 596 1934 longiore
619 1849 678 1915 illa
699 1849 734 1914 in
756 1851 898 1916 oratione
926 1851 1005 1915 'leh
1025 1851 1073 1915 111
1097 1849 1227 1914 sr-lv
1242 1854 1331 1933 216,
1356 1873 1420 1934 qua
1442 1873 1495 1919 res
1515 1861 1591 1919 ante
1605 1854 1760 1919 Iohannis
1782 1854 1956 1919 adrentum

323 1968 357 2033 in
379 1968 490 2034 Africa
512 1978 624 2052 gestae
653 1976 860 2052 enarrantur,
893 1972 1068 2056 respondet
1088 1971 1246 2036 i'andalis
1275 1971 1513 2037 dominantibus
1541 1972 1597 2038 diu
1624 1973 1789 2039 florentem
1813 1974 1955 2038 Africam

323 2109 386 2154 non
408 2089 504 2154 modo
528 2091 624 2171 bello,
655 2089 714 2155 sed
736 2090 815 2155 belli
837 2090 935 2155 etiam
958 2090 1141 2174 suspicione
1163 2091 1298 2155 liberam
1321 2091 1440 2174 fuisse,
1466 2092 1569 2159 donec
1591 2094 1745 2173 Antaias,
1772 2095 1954 2159 Mauromm

323 2211 563 2294 Byzacenorum
594 2210 741 2293 regulus,
773 2209 903 2276 Africae
933 2210 1035 2295 pestis
1064 2219 1260 2275 nasceretur.
1311 2211 1374 2289 Qui
1403 2232 1475 2278 cum
1504 2213 1548 2278 ab
1581 2232 1665 2277 anno
1698 2214 1784 2278 vitae
1819 2214 1956 2298 septimo

324 2330 449 2396 decimo
471 2331 602 2415 rapinas
624 2350 722 2413 agere
745 2330 908 2415 coepisset
932 2330 990 2412 (ΠΙ
1016 2333 1101 2410 ¹56⁸,
1128 2331 1260 2413 triginta
1281 2351 1383 2396 annos
1404 2339 1499 2397 natus
1520 2331 1664 2397 Africam
1695 2333 1955 2417 populationibus

323 2449 422 2515 tantis
445 2452 586 2529 vexavit,
613 2459 648 2516 ut
669 2458 745 2516 tunc
767 2451 831 2514 iam
855 2450 957 2544 mergi
979 2449 1108 2514 Africae
1131 2449 1276 2516 fortunae
1298 2450 1494 2517 viderentur.

431 2569 481 2633 111
503 2572 544 2633 73
568 2589 670 2651 usque
692 2570 737 2634 ad
758 2577 807 2635 ter
829 2569 930 2635 denos
952 2568 1091 2634 Antalae
1112 2568 1218 2635 floruit
1239 2589 1341 2636 annos

566 2674 742 2738 nascentis.

323 2792 415 2872 Quod
438 2801 565 2877 tempus
587 2794 638 2858 his
660 2792 768 2858 verbis
790 2798 885 2877 poeta
907 2790 1113 2871 indicaverit,
1140 2791 1287 2857 dubitare
1310 2791 1365 2857 rix
1387 2812 1558 2876 possumus
1580 2794 1743 2875 versibus,
1769 2794 1824 2877 qui
1845 2795 1955 2879 paullo

321 2912 408 2978 infra
431 2920 617 2995 sequuntur,
642 2913 811 2998 inspectis:

409 3034 458 3098 ΠΙ
485 3037 544 3098 181
566 3033 631 3098 iam
654 3042 782 3117 tempus
805 3032 940 3097 miseros
967 3035 1044 3113 scii.
1071 3031 1242 3109 Vandalus)
1271 3030 1346 3096 latis
1368 3032 1528 3114 urguebat
1549 3034 1694 3107 acerbis,

566 3157 730 3220 regnaque
753 3143 887 3201 centeno
910 3154 1085 3220 properans
1106 3136 1171 3199 iam
1194 3134 1335 3217 fregerat
1363 3138 1395 3208 ii.
1420 3156 1445 3197 c.
1472 3135 1654 3218 frangebat}
1681 3155 1776 3200 anno.

564 3248 639 3305 tunc
661 3241 798 3324 primum
821 3239 854 3302 in
878 3237 995 3302 nostris
1017 3238 1113 3303 urbes
1135 3237 1329 3302 succendere
1351 3238 1444 3302 terris

563 3351 596 3409 et
617 3343 771 3427 populare
795 3360 888 3405 casas
911 3348 944 3406 et
965 3340 1088 3424 campis
1110 3359 1237 3405 currere
1262 3340 1383 3404 Frexes

680 3452 714 3509 at
716 3491 1530 3508 ...............

479 3551 538 3613 195
562 3464 705 3633 moola
729 3545 898 3611 Vandalici
920 3546 1084 3630 perierunt
1106 3545 1227 3627 gaudia
1249 3545 1341 3628 regui

562 3659 681 3717 nostra.

316 3773 503 3858 Insequitur
528 3772 587 3856 (III
615 3773 794 3852 198-261)
821 3767 993 3853 descriptio
1015 3766 1119 3832 cladis
1141 3766 1230 3830 iilius
1252 3766 1423 3847 maximae,
1450 3787 1513 3850 qua
1536 3766 1692 3833 Hilderici
1714 3768 1800 3853 regis
1823 3768 1952 3834 exerci-

315 3906 382 3963 tum
406 3895 542 3960 Antalas
564 3890 692 3957 afflixit.
737 3891 787 3955 Ab
810 3910 850 3955 ea
871 3888 971 3973 igitur
991 3887 1120 3952 Africae
1143 3886 1344 3952 calamitates
1366 3885 1526 3971 incepisse
1549 3886 1706 3972 Corippus
1730 3887 1791 3952 sibi
1811 3907 1948 3972 persua-

319 4024 416 4084 serat.
457 4016 525 4079 Iam
548 4033 625 4080 vero
648 4032 718 4078 cum
735 4029 876 4094 pugnam
892 4008 982 4072 iilam
998 4027 1028 4071 a.
1048 4029 1080 4092 p.
1099 4006 1174 4072 Chr.
1193 4026 1232 4099 n..
1244 4008 1306 4070 530
1322 4005 1526 4072 commissam
1542 4026 1613 4072 esse
1630 4006 1710 4072 satis
1725 4013 1857 4089 constet,
1883 4007 1952 4072 An-

315 4137 415 4204 talam
432 4155 516 4200 anno
532 4137 594 4199 500
610 4140 720 4197 natum
737 4148 821 4209 esse,
847 4147 931 4193 anno
947 4130 1007 4191 517
1032 4125 1170 4210 primum
1193 4124 1235 4189 ad
1254 4124 1478 4209 populationes
1494 4124 1701 4192 descendisse
1712 4126 1947 4214 putabimus2).

401 4255 540 4322 Antalae
570 4250 704 4318 victoria
729 4247 885 4314 Hilderici
915 4265 1049 4330 regnum
1081 4245 1245 4311 subvertit.
1293 4243 1511 4311 vandalorum
1540 4245 1625 4311 euim
1656 4246 1815 4311 exercitus
1844 4245 1949 4311 rictus

314 4377 369 4447 ubi
385 4374 614 4459 Carthaginem
636 4369 778 4449 revertit,
805 4367 874 4453 regi
897 4373 1062 4432 senectute
1085 4365 1229 4430 coniecto
1250 4364 1418 4449 imperium
1442 4365 1610 4448 abrogavit
1631 4365 1764 4448 eiusque
1786 4365 1820 4431 in
1843 4366 1947 4430 locum

315 4497 526 4566 Geilamirum
539 4499 559 4577 ³)
587 4490 697 4574 elegit.
745 4488 891 4555 Subitam
914 4486 997 4551 banc
1020 4505 1125 4550 rerum
1141 4483 1388 4550 Vandalicarum
1411 4484 1618 4549 mutationem
1641 4484 1710 4551 iure
1733 4482 1851 4550 iactam
1875 4504 1948 4550 esse

399 4758 424 4820 ’1)
446 4757 528 4806 aliter
547 4753 649 4817 Corippi
667 4752 749 4802 locum
769 4748 851 4798 11173
870 4747 967 4809 accepit
985 4743 1204 4803 Masauccbeilius,
1225 4743 1270 4806 qui
1288 4744 1385 4805 poetam
1404 4744 1434 4790 de
1453 4745 1551 4791 Africae
1570 4745 1692 4793 malorum
1711 4742 1786 4794 initio
1803 4745 1947 4806 loquentem

313 4845 453 4898 Solomonis
479 4841 589 4903 magistri
612 4839 721 4889 miiitum
742 4837 850 4884 exitium
869 4833 1012 4898 respexisse
1030 4830 1165 4879 arbitratus
1183 4828 1298 4878 sntusm
1317 4841 1383 4877 auno
1402 4827 1452 4877 513
1473 4837 1560 4878 natum
1579 4843 1650 4891 esse,
1676 4844 1741 4879 annu
1759 4829 1809 4880 5³0
1828 4830 1857 4878 ad
1876 4842 1947 4892 agros

311 4931 468 4999 populandos
486 4928 640 4993 processisse
659 4924 797 4985 eodemus
816 4923 864 4970 iam
883 4933 949 4969 aune
968 4918 1138 4967 Vandalorum
1157 4917 1297 4965 exercitum
1315 4929 1438 4975 mquam
1456 4916 1568 4977 iudisse,
1594 4930 1659 4965 anno
1677 4917 1789 4978 denique
1807 4914 1856 4965 513
1876 4915 1947 4964 Sole·

310 5033 409 5071 monem
435 5016 590 5080 oppressisse
614 5009 752 5061 contendit.
791 5008 838 5057 tiui
863 5007 1005 5055 sententiae
1028 5003 1129 5066 Corippi
1152 5003 1234 5063 ipsius
1259 5003 1332 5049 rerba
1355 5001 1526 5049 adversantur.
1564 5001 1650 5063 Neque
1673 5005 1741 5051 euim
1766 5018 1789 5051 a.
1809 5001 1873 5062 513,
1903 5001 1946 5049 sed

311 5123 334 5156 a.
350 5103 399 5155 eii
419 5104 576 5153 solomonem
596 5098 701 5161 perlisse
720 5108 734 5143 e
753 5094 905 5143 lebaunidos
922 5092 945 5139 li
965 5092 997 5141 ‘ab
1016 5091 1053 5139 lii
1074 5088 1123 5138 290
1142 5089 1232 5137 elucet.
1272 5087 1427 5148 Quamquam
1446 5087 1492 5135 hoe
1510 5101 1589 5135 errore
1607 5088 1735 5136 intellecto
1753 5094 1805 5136 teta
1823 5088 1869 5135 riri
1888 5087 1948 5135 doc-

310 5192 403 5244 tissimi
423 5187 575 5252 ronrputatio
593 5183 695 5244 corruit,
716 5182 793 5229 altero
811 5181 887 5229 etiam
906 5192 960 5227 earu
979 5177 1043 5240 pede
1061 5175 1200 5225 claudicare
1218 5175 1399 5223 demonstrasse
1418 5173 1525 5221 iuvabit.
1557 5176 1643 5221 Annus
1662 5175 1838 5234 septemdecim
1856 5179 1946 5222 uatum

311 5278 426 5331 Anteiam
447 5278 496 5325 iaru
516 5271 635 5322 liilderici
654 5269 794 5318 exercitum
813 5267 904 5315 vicisse
923 5278 968 5314 uus
986 5263 1087 5312 credere
1105 5267 1174 5311 vetat
1191 5262 1266 5323 poeta
1284 5261 1353 5322 ipse,
1382 5260 1425 5321 qui
1448 5273 1470 5307 a.
1491 5260 1580 5308 astatis
1599 5260 1706 5320 septimo
1723 5261 1820 5309 decimo
1837 5273 1945 5322 puerum

308 5368 416 5431 primum
440 5362 515 5412 osilia
540 5364 690 5422 temptasse,
716 5367 774 5404 oses
800 5352 913 5414 singulae
937 5351 1065 5412 rapuisse,
1093 5348 1275 5412 pedetemptim
1300 5345 1393 5394 deinde
1418 5346 1447 5392 ad
1472 5345 1540 5392 turta
1565 5345 1656 5393 matura
1681 5346 1830 5407 processisse
1849 5352 1943 5396 narrat.

309 5454 343 5504 111
361 5448 405 5503 iti
430 5453 559 5511 ‘temporo
578 5447 627 5494 iam
645 5456 677 5492 ex
697 5441 741 5491 iilo
760 5440 841 5489 saevis
861 5437 1005 5487 adulescere
1023 5436 1098 5484 iustis
1116 5429 1228 5498 incipit'.
1262 5432 1345 5480 Annis
1358 5431 1458 5479 demum
1471 5429 1641 5491 compluribus
1653 5429 1761 5492 peractis
1776 5442 1832 5479 cum
1851 5433 1945 5481 maiore

310 5539 464 5607 praedonum
485 5548 559 5583 uranu
581 5531 679 5592 iiyaacii
699 5540 769 5589 agros
788 5531 884 5574 vastare
902 5528 928 5572 et
946 5523 985 5571 vei
1006 5521 1172 5570 Vandalorum
1191 5533 1249 5567 cum
1267 5517 1372 5566 catervis
1390 5517 1521 5576 confligere
1540 5529 1616 5563 ausus
1634 5521 1682 5564 est.

396 5625 419 5681 :it
443 5621 556 5671 Nominis
569 5618 630 5667 baec
643 5616 721 5665 iorma
734 5613 863 5671 tleiismir,
885 5625 935 5674 qua
947 5610 1070 5671 Corippus
1084 5609 1173 5664 utitur,
1194 5606 1220 5652 in
1233 5604 1343 5651 nummis
1356 5602 1432 5649 etiam
1445 5601 1614 5650 Vandalcrnm
1627 5607 1728 5649 exarata
1740 5607 1788 5650 est.
1818 5602 1854 5650 Vt
1865 5602 1945 5650 buius

309 5718 344 5766 ita
362 5712 465 5763 aiterum
487 5707 616 5757 nominum
631 5700 821 5751 Vandalicorum
839 5700 931 5749 formas
949 5696 1073 5757 genuinas
1091 5691 1222 5755 aGorippc
1241 5693 1350 5739 servatas
1362 5700 1418 5736 esse
1431 5688 1612 5736 intellexeruut
1631 5687 1670 5735 Fr.
1686 5687 1798 5736 Distriub
1817 5689 1865 5737 Die
1878 5689 1946 5737 Aus-
