4440 6276
293 421 324 486 X
999 415 1227 474 PRAEFATIO.

293 643 446 727 scriptum
463 642 623 708 detectum
646 660 730 721 ease,
757 640 812 722 qui
836 648 963 724 praeter
984 639 1113 705 codices
1129 640 1214 704 ABR
1234 640 1278 704 ad
1299 639 1539 705 emendandum
1556 642 1714 706 Victorem
1729 660 1801 704 cum
1824 641 1933 705 fructu

292 762 439 828 adhiberi
460 768 581 846 posset.
623 759 712 825 Idem
729 779 770 826 ex
792 769 950 845 apparatu
969 778 1095 842 quoque
1118 760 1227 825 critico
1249 780 1269 823 a
1291 759 1493 825 Betbmauno
1514 760 1591 823 olim
1613 760 1758 825 collecto.
1783 760 1839 842 qui
1861 760 1932 826 sere

292 882 424 965 triginta
446 880 574 947 codices
597 879 712 964 partim
735 880 805 964 ipse
829 887 1027 959 excusserat,
1053 879 1169 963 partim
1185 878 1227 942 ab
1242 878 1318 942 aliis
1332 878 1484 943 collectos
1498 888 1679 964 occeperat.
1704 880 1928 962 cognorimus.

379 1002 459 1067 Cum
482 1019 665 1083 sermoque
683 998 906 1065 utiturVictor
928 999 1075 1083 plebeius
1097 998 1141 1062 sit
1162 998 1297 1080 eiusque
1319 997 1417 1062 dictio
1438 998 1571 1083 saepius
1591 998 1737 1063 obscura.
1762 998 1798 1063 in
1819 998 1930 1064 iudice

292 1121 461 1188 uerborum
484 1116 734 1185 oblocutionum
757 1119 914 1183 vocabula
937 1138 1009 1182 rara
1032 1117 1236 1201 interpretari
1266 1124 1298 1181 et
1328 1117 1499 1181 nonnullos
1530 1117 1617 1182 locos
1645 1118 1847 1183 obscuriores
1868 1139 1930 1183 ex-

291 1241 412 1326 plicere
434 1239 642 1306 tentavimus.

378 1393 505 1458 Dabam
528 1389 687 1455 Monacbii
711 1409 821 1455 mense
844 1389 973 1455 Octobri
996 1411 1028 1454 a.
1057 1391 1151 1452 1878.

1525 1572 1681 1654 casurus
1708 1576 1819 1656 baim.

906 2020 1129 2103 uouduu'u
1156 2019 1310 2102 INDEX.

360 2222 383 2267 A
402 2238 434 2260 =
453 2217 533 2266 codex
551 2216 730 2264 Laudunansis
748 2229 775 2262 u.
798 2213 856 2262 113.
876 2227 940 2262 seeo.
962 2213 1046 2262 vnn.

359 2306 432 2352 B:
451 2302 531 2351 codex
549 2302 743 2362 Bambergensis
762 2300 793 2360 E,
815 2299 840 2359 3,
861 2299 886 2349 4.
907 2314 972 2347 saec.
994 2300 1079 2347 vl111.

360 2391 382 2438 L
401 2409 433 2433 =
452 2388 531 2437 codex
549 2386 722 2435 Beroliueusis
739 2387 782 2434 lat.
804 2391 885 2447 quart.
909 2384 932 2433 l.
953 2398 1017 2432 saec.
1039 2384 1095 2432 xil.

359 2477 433 2524 Βε-
453 2473 530 2522 codex
548 2473 723 2521 Bruxellcusls
742 2486 767 2523 n.
792 2469 866 2520 179⁴.
888 2484 954 2518 saec.
975 2471 1007 2518 X.

362 2562 432 2609 V==
452 2560 530 2608 codex
548 2557 753 2606 vindobonensis
771 2571 797 2608 n.
820 2555 880 2605 583.
901 2571 965 2605 saec.
988 2557 1019 2604 X.

359 2647 433 2694 Bem.
456 2663 488 2686 =
507 2643 585 2691 codex
604 2641 742 2691 Beruensis
761 2656 787 2691 n.
807 2641 850 2691 48.
872 2655 937 2689 saec.
959 2642 1004 2689 Xl.

356 2749 374 2794 p
393 2751 425 2774 =
444 2729 522 2779 editio
540 2730 660 2789 princeps
678 2729 800 2776 Parisino.

359 2817 417 2864 Lor.
440 2835 472 2858 =
491 2815 568 2863 editio
587 2813 745 2862 Coloniensis
764 2830 778 2861 a
797 2812 936 2861 Reinbardc
956 2812 1068 2860 Loricbio
1086 2811 1234 2858 ilcdxuuario
1252 2811 1392 2859 seeundum
1412 2811 1549 2859 Purisimm
1572 2824 1596 2859 e.
1619 2808 1684 2857 1537
1703 2824 1835 2871 expressa:
1867 2813 1926 2860 ride

288 2904 370 2953 Praei.
391 2917 416 2963 p.
438 2901 484 2949 IX.
