4440 6276
947 412 1176 470 IOHANNIDOS
1194 416 1264 470 LlB.
1285 416 1307 470 1.

700 610 751 666 ast
775 602 828 666 nbi
850 603 1032 686 eorrrpositis
1055 604 1160 688 coepit
1180 603 1352 690 procedere
1375 604 1488 670 turmis

701 705 909 789 victricesque
931 706 1058 789 aquilas
1080 706 1168 773 acies
1191 706 1359 774 ostendere
1382 706 1521 792 campis.

700 808 746 873 sic
769 809 850 873 bene
872 809 1009 874 sollicito
1030 809 1223 895 dispensans
1244 818 1372 896 pectore
1395 809 1506 877 ductor

698 912 850 977 admonet
870 912 940 995 ipse
962 912 1079 994 duces,
1105 932 1220 978 causas
1241 913 1447 998 referensque
1470 913 1665 996 docensque.

703 1031 739 1077 ·o
761 1014 907 1078 Romana
927 1034 1058 1094 manus,
1085 1033 1159 1099 spes
1182 1038 1200 1079 o
1223 1014 1381 1081 fidissima
1403 1034 1522 1096 rerum,

699 1139 717 1180 o
739 1116 841 1181 virtus
863 1117 1011 1201 orbisque
1034 1116 1132 1184 decus
1155 1137 1377 1201 summumque
1399 1119 1562 1201 levamen,

697 1218 888 1303 imperiique
910 1218 991 1284 tides
1013 1228 1045 1284 et
1068 1220 1165 1287 nostri
1188 1222 1296 1305 palma
1320 1220 1456 1302 laboris,

699 1329 786 1387 certa
808 1321 883 1387 licet
905 1322 1012 1401 vobis,
1039 1342 1122 1406 quae
1144 1323 1186 1389 sit
1207 1323 1325 1390 fiducia
1347 1323 1453 1407 genti,
1479 1332 1545 1389 est.

696 1425 767 1508 ipse
789 1431 896 1489 tamen
919 1443 1090 1490 memorem
1112 1424 1249 1491 insidias
1271 1425 1466 1509 suaridesque
1488 1426 1659 1510 dolosque,

697 1536 729 1592 et
749 1527 921 1593 metuenda
941 1547 1062 1593 canens
1083 1535 1134 1610 et,
1159 1548 1243 1611 quae
1263 1528 1468 1613 peragenda,
1494 1531 1674 1595 revolvens.

696 1630 819 1714 proelia
841 1631 922 1695 dum
944 1630 1028 1696 dolis
1049 1651 1211 1713 nunquam
1234 1651 1364 1697 caruere
1387 1631 1549 1713 malignis.

696 1734 782 1798 belia
805 1753 863 1817 per
884 1734 1019 1799 insidias
1041 1734 1129 1800 acies
1151 1734 1316 1800 Maurusia
1337 1735 1439 1818 gessit

696 1856 839 1920 semper,
866 1845 898 1902 et
919 1837 1063 1903 obscuris
1085 1837 1189 1902 fideus
1212 1837 1358 1902 subsedit
1383 1838 1417 1902 in
1439 1838 1548 1902 anuis.

696 1940 827 2021 solaque
849 1940 1011 2024 Massylas
1034 1948 1142 2005 servat
1163 1939 1294 2005 fallacia
1316 1941 1420 2019 vires,

696 2049 728 2107 et
749 2041 877 2107 timidos
900 2042 1023 2108 bellare
1045 2041 1139 2126 iacit,
1165 2042 1240 2107 dum
1264 2062 1343 2107 saxa
1366 2042 1506 2107 latebras

622 2197 626 2207 .
695 2145 856 2209 montibus
877 2145 910 2209 in
934 2145 1067 2210 summis
1088 2153 1144 2210 aut
1165 2145 1241 2210 altis
1262 2145 1394 2211 flumina
1416 2145 1494 2229 ripis

694 2255 875 2331 praestant,
901 2256 958 2314 aut
979 2247 1033 2313 ubi
1055 2248 1172 2332 glauca
1194 2268 1307 2314 nemus
1330 2247 1485 2314 distendit
1506 2248 1609 2331 (oliva,

586 2396 591 2410 .
694 2351 815 2416 arboris
837 2359 893 2417 aut
914 2352 1001 2417 altae
1025 2350 1176 2417 frondoso
1197 2352 1316 2417 vertice
1339 2351 1434 2417 robur

694 2451 794 2518 efficit
815 2452 949 2518 occultis
970 2453 1058 2519 acies
1080 2453 1247 2519 subsidere
1270 2454 1403 2538 campis.

693 2555 859 2620 fraudibus
882 2556 934 2620 bis
956 2564 1057 2622 certat
1079 2557 1274 2623 committere
1296 2557 1418 2643 proelia
1441 2557 1587 2638 Maurus,

694 2666 729 2722 ut
750 2658 835 2724 celer
857 2658 1018 2724 incautum
1042 2659 1188 2725 subitans
1211 2668 1370 2726 exterreat
1391 2660 1513 2726 hostem

692 2761 941 2845 arnbiguumque
963 2769 1106 2846 premat,
1132 2762 1232 2828 suetus
1254 2783 1448 2845 numeroque
1471 2764 1604 2847 iocoque

692 2872 724 2928 et
745 2864 874 2929 domitis
897 2865 1034 2931 confisus
1057 2865 1161 2947 equis.
1208 2873 1282 2931 tuuc
1304 2865 1441 2948 belliger
1463 2874 1535 2931 astu

692 2966 842 3049 mittitur,
869 2967 903 3032 in
925 2967 1038 3051 planos
1061 2986 1152 3032 rarus
1174 2967 1228 3050 qui
1251 2968 1373 3053 proelia
1395 2988 1524 3052 campos

690 3079 840 3152 provocet
860 3077 892 3135 et
913 3070 999 3137 visos
1022 3069 1152 3154 fugiens
1173 3078 1348 3155 exaggeret
1370 3071 1491 3136 hostes.

690 3172 745 3237 ilie
769 3172 832 3239 levi
854 3193 949 3237 eursu
971 3173 1114 3257 praefixo
1136 3172 1268 3238 hastilia
1292 3172 1374 3239 ferro

691 3275 811 3357 vibrat,
838 3283 870 3341 et
890 3275 1021 3341 incurvo
1044 3295 1103 3341 nec
1125 3283 1232 3341 cessat
1252 3274 1380 3342 flectere
1403 3296 1483 3360 gyro

580 3401 593 3437 o
691 3378 893 3462 romipedem
916 3377 1081 3444 domitum.
1130 3376 1188 3445 sed
1210 3398 1281 3444 cum
1303 3379 1520 3464 properaverit
1543 3378 1663 3462 bostis,

690 3488 759 3546 arte
782 3480 882 3563 fugit,
909 3490 1052 3566 comptas
1075 3488 1109 3548 ut
1131 3489 1263 3566 spargat
1284 3482 1422 3547 callidus
1444 3482 1531 3563 alas,

689 3585 765 3649 dum
788 3584 932 3665 sequitur
952 3603 1122 3650 numerosa
1144 3604 1258 3651 uranus
1280 3584 1457 3667 victrixque
1480 3592 1610 3670 putatur

688 3705 761 3750 esse
784 3685 862 3768 sibi,
889 3694 921 3751 et
942 3693 1024 3752 totos
1045 3706 1163 3770 agmen
1185 3685 1336 3753 diffundit
1355 3687 1389 3752 in
1411 3706 1518 3769 agros.

688 3789 739 3854 bis
761 3789 829 3872 agit
849 3788 883 3854 iu
904 3789 1000 3855 bellis
1023 3789 1149 3873 fingens
1170 3790 1345 3855 certamina
1366 3790 1480 3855 Macar

687 3891 831 3973 insidiis,
857 3892 958 3958 donec
980 3891 1103 3958 medios
1125 3892 1277 3976 perducat
1299 3892 1333 3958 in
1355 3892 1464 3958 hostes

685 3994 803 4060 hostile
825 3995 966 4061 obsessis
988 3995 1193 4061 conclausum
1216 3995 1357 4060 vallibus
1378 4015 1507 4078 agmen.

685 4106 760 4163 tuuc
783 4098 876 4163 dolus
897 4098 953 4164 ille
976 4104 1091 4183 patens
1113 4116 1228 4164 saevas
1250 4096 1385 4164 effundit
1406 4098 1568 4182 habenas,

685 4194 927 4284 absconsasque‘
946 4201 1010 4268 ciet
1031 4208 1097 4268 tota
1119 4201 1159 4268 de
1180 4209 1273 4287 parte
1296 4208 1453 4267 catervas.

684 4324 779 4388 quem
802 4313 906 4370 metus
928 4325 1003 4370 acer
1024 4305 1109 4389 agit,
1135 4304 1236 4390 primo
1259 4304 1342 4388 sugit
1365 4304 1420 4369 iiie
1443 4305 1591 4370 tumultu.

582 4443 587 4465 ι
684 4408 769 4473 hunc
791 4407 908 4492 premit
929 4408 1035 4474 elatus
1058 4426 1156 4474 saevo
1179 4407 1238 4473 sub
1261 4408 1394 4473 vulnere
1416 4407 1561 4489 Maurus?

683 4531 777 4593 quem
799 4510 997 4595 impavidum
1020 4511 1115 4579 timor
1135 4511 1205 4596 ipse
1228 4509 1315 4576 facit.
1364 4509 1413 4574 sin
1436 4510 1547 4575 robore
1571 4508 1661 4575 firmo

683 4612 882 4678 constiterint
903 4621 977 4679 tunc
1001 4613 1083 4680 forte
1105 4612 1184 4695 viri,
1210 4613 1363 4678 nonulla
1386 4619 1536 4694 sequetur

682 4715 840 4781 euidentes
862 4736 1006 4800 pugnare
1029 4734 1161 4799 manus,
1188 4715 1247 4781 sed
1270 4715 1352 4780 colla
1374 4712 1539 4780 reflectunt

683 4817 792 4882 mollia
815 4818 1060 4902 quadrupedum
1083 4819 1178 4884 versi.
1226 4818 1272 4883 sic
1294 4818 1381 4884 bella
1403 4817 1602 4901 relinquunt,

682 4920 727 4984 sic
750 4920 838 4985 acies
860 4919 997 5002 fugitiva
1020 4920 1122 4999 cadit,
1149 4920 1196 4985 sic
1217 4919 1307 4985 firma
1330 4919 1466 4986 resistet.

681 5042 755 5087 uam
779 5022 908 5087 timidos
931 5022 1060 5088 fortuma
1083 5030 1222 5107 promet,
1247 5029 1420 5105 csrrtosque
1443 5022 1566 5089 iuvabit

363 5284 412 5334 549
430 5286 547 5346 aciesque
565 5283 643 5333 Musa.
758 5281 905 5330 hostendere
921 5286 990 5344 cupis
1014 5283 1033 5329 Τ
1153 5281 1375 5343 520duce1m.,
1395 5283 1563 5333 ducemt'm.
1589 5284 1610 5331 Τ
1730 5283 1777 5333 521
1798 5286 1919 5349 docetque·

294 5371 354 5415 tm.
374 5369 517 5416 i'iniiiuru
622 5368 671 5418 525
689 5368 826 5416 certalicet
843 5366 870 5427 Τ,
892 5374 959 5417 certe
970 5370 1051 5430 liquet
1064 5367 1200 5417 Hominem
1286 5374 1325 5417 ast
1336 5368 1398 5417 deici
1410 5366 1548 5417 Mommsen
1652 5368 1701 5418 527
1720 5377 1917 5435 consumpsi,

293 5466 385 5502 eaustus
408 5455 427 5500 Τ
547 5454 597 5503 535
615 5456 672 5502 alde
693 5453 714 5499 Τ
835 5451 884 5500 537
903 5453 945 5501 bis
963 5460 1042 5502 certat
1059 5454 1144 5509 Reice,
1167 5454 1193 5502 id
1211 5459 1287 5502 certat
1309 5453 1337 5512 Τ,
1357 5454 1470 5516 inceptet
1487 5453 1564 5504 uuas.
1683 5455 1733 5505 538
1751 5459 1866 5507 cubitans
1887 5460 1916 5520 Τ,

293 5541 394 5588 subiens
413 5540 532 5601 andm„
561 5543 712 5590 subeuntem
736 5537 851 5586 debitum
868 5538 959 5599 Both,
989 5541 1072 5588 subito
1091 5539 1170 5589 Muza.
1309 5546 1446 5601 perterreat
1469 5539 1547 5587 Ima.
1688 5540 1738 5591 542
1762 5556 1879 5604 exagerat
1901 5545 1921 5592 Τ

293 5622 342 5672 545
360 5626 564 5688 propanuenitT
668 5624 718 5674 546
736 5624 870 5673 calidusT
972 5625 1022 5674 549
1040 5625 1167 5675 muqu
1267 5624 1313 5674 551
1335 5627 1503 5675 obssxiscum
1516 5626 1628 5676 clausum
1645 5628 1666 5674 Τ
1762 5628 1811 5679 553
1829 5644 1918 5679 ascon-

291 5725 380 5772 susque
399 5714 449 5759 ciat
469 5711 490 5759 Τ
592 5710 640 5760 556
658 5711 815 5773 ἱωριηίᾱυω
835 5710 920 5759 netu..
942 5713 1062 5775 pauidum
1084 5712 1104 5759 Τ
1209 5711 1258 5760 biiii
1277 5714 1380 5760 resistet
1397 5715 1492 5773 scripsi,
1511 5719 1589 5761 restis
1610 5712 1637 5773 Τ,
1658 5715 1757 5763 resistit
1774 5713 1851 5766 Hm.
