4440 6276
856 423 1087 480 rormumnos
1105 425 1175 481 orn
1196 427 1245 481 vr.
1269 429 1324 492 av„

668 614 771 678 orarit
793 614 953 680 domiuum
977 616 1058 681 caeli
1081 623 1249 700 terraeque
1271 618 1448 701 marisque,

669 717 783 782 obtulit
805 723 837 782 et
858 737 990 799 nunnus,
1017 738 1159 784 summus
1182 720 1264 802 quod
1288 740 1373 785 more
1396 721 1546 786 sacerdos

669 840 725 902 pro
748 819 913 904 redituque
937 821 1026 886 ducis
1049 842 1106 906 pro
1128 823 1283 907 victisque
1305 824 1452 889 hostibus
1474 844 1549 888 arae

668 922 830 1007 imposuit.
877 924 1065 1006 Christoque
1087 932 1178 1009 pater
1200 926 1353 991 libamina
1376 927 1491 992 sanxit.

754 1026 899 1109 Syrticus
920 1027 1044 1093 interea
1067 1028 1227 1094 Carcasan
1249 1030 1380 1112 agmina
1403 1030 1512 1094 ductor

561 1148 573 1186 s
669 1129 785 1194 linibus
808 1150 826 1195 e
849 1131 987 1203 cunctis,
1013 1139 1112 1196 terror
1133 1152 1216 1214 (purae
1239 1140 1401 1216 sparserat
1420 1132 1551 1213 ingens,

670 1233 841 1300 contrahit.
868 1240 900 1297 et
921 1232 1030 1298 tristes
1052 1233 1192 1299 lacrimis
1214 1236 1330 1299 affatur
1351 1236 1480 1300 obortis.

673 1342 752 1400 ‘non
775 1337 820 1400 ita
843 1336 983 1401 deiectos
1006 1337 1173 1420 sperabam
1197 1358 1327 1403 cernere
1350 1340 1494 1419 Mauros,

670 1439 841 1504 indomitae
863 1447 988 1523 gentes.
1034 1461 1194 1525 uunquam
1218 1450 1386 1526 asperatus
1409 1444 1541 1525 Hagnas

669 1543 775 1608 nudus
797 1543 890 1609 adest
912 1544 1076 1629 victusque
1099 1544 1192 1610 redit.
1240 1553 1420 1629 matresque
1443 1566 1602 1629 nurusque

670 1645 867 1732 perdidimus
890 1653 1045 1728 natosque
1068 1647 1174 1712 simul.
1222 1648 1300 1730 quid
1323 1647 1461 1732 denique
1485 1656 1582 1714 restat

670 1749 702 1814 ni
724 1769 809 1814 mors
832 1750 901 1815 sola
922 1750 1022 1816 viris?
1044 1751 1120 1833 quid
1143 1772 1226 1816 nnnc
1248 1752 1376 1836 placet?
1398 1771 1469 1816 esse
1492 1751 1637 1835 quietos?

669 1874 711 1918 an
734 1853 848 1919 melius
870 1853 965 1918 bellis
986 1854 1146 1936 armisque
1169 1855 1329 1919 lacessere
1352 1855 1422 1919 dud

670 1956 781 2021 militis
804 1976 894 2021 arma
916 1957 1043 2040 placet?
1063 1964 1156 2041 turpe
1179 1964 1212 2022 et
1232 1958 1414 2023 miserabile
1438 1958 1556 2023 crimen

671 2059 848 2125 confractos
871 2079 1015 2125 cessasse
1039 2061 1149 2125 semel.
1197 2081 1259 2125 non
1282 2081 1374 2125 omne
1398 2061 1527 2126 deorum

562 2207 567 2221 .
671 2163 830 2227 sublatum
855 2162 1009 2227 amdlium
1034 2163 1155 2248 campis
1177 2163 1327 2228 discessit
1346 2164 1380 2228 in
1403 2165 1479 2229 illis.

671 2286 734 2330 nou
755 2265 801 2331 ita
822 2265 890 2331 vult
912 2267 1064 2331 Ammon.
1090 2286 1153 2332 non
1174 2267 1238 2331 iam
1261 2267 1314 2348 qui
1338 2267 1468 2333 numina
1490 2267 1600 2332 Gurnil

672 2368 718 2433 sic
740 2368 860 2434 violata
882 2368 981 2433 dolet.
1027 2389 1090 2433 uon
1114 2369 1159 2433 sie
1182 2371 1307 2434 fortuna
1330 2370 1484 2446 minatur,

672 2492 754 2556 (qnae
777 2471 878 2536 voluit
900 2491 1027 2536 servare
1051 2472 1147 2536 vinis.
1195 2473 1346 2557 pecuaria
1369 2481 1490 2539 tantum

671 2574 881 2660 perdidimus.
927 2596 1001 2639 nam
1026 2575 1120 2640 robur
1142 2575 1245 2641 adest.
1293 2576 1482 2657 discemite‚
1509 2576 1619 2660 quanti

672 2678 848 2744 occubuere
871 2678 942 2742 viri.
990 2679 1088 2744 veluti
1111 2678 1212 2744 cadus
1235 2678 1361 2745 hauriat
1384 2680 1487 2745 undas

671 2780 819 2864 aequoris
841 2781 978 2847 Oceani:
1005 2781 1158 2866 numquid
1181 2782 1365 2847 decrescere
1388 2782 1488 2867 possit

671 2892 727 2950 aot
749 2884 900 2950 damnum
924 2885 1041 2950 sentire
1064 2885 1178 2950 Thetis
1186 2892 1200 2947 l
1221 2891 1266 2950 tot
1289 2892 1321 2951 et
1341 2886 1417 2969 igne
1442 2906 1570 2951 recusso

671 2996 758 3054 astra
780 2989 914 3054 cadunt:
942 2988 1042 3070 signis
1065 2988 1194 3073 plenum
1217 2995 1325 3054 taurea
1347 2990 1454 3054 omnia
1476 2990 1601 3054 caelum

671 3091 779 3156 sidera
800 3111 927 3176 semper
948 3090 1055 3156 habet.
1104 3090 1151 3156 sic
1173 3098 1311 3157 nostram
1336 3092 1437 3157 laesio
1458 3099 1586 3175 gentem
1669 3164 1674 3171 ¹

563 3217 576 3256 5
671 3195 815 3277 contigit.
862 3194 949 3269 haud
970 3201 1079 3259 tamen
1102 3195 1229 3260 omnino
1252 3195 1427 3287 fortissima
1449 3195 1560 3261 sensit.

672 3298 844 3379 consulite,
871 3305 904 3364 et
925 3298 1021 3363 rebus
1043 3299 1166 3364 celeres
1188 3299 1360 3364 succurrite
1383 3299 1525 3364 vestris‘.

758 3403 876 3467 Bruten
900 3410 934 3468 ut
956 3401 1091 3468 emissas
1114 3403 1272 3487 persensit
1294 3404 1335 3468 ab
1357 3422 1411 3468 ore
1434 3404 1598 3485 querelas,

672 3514 778 3572 mente
801 3505 889 3571 ferox
912 3505 1018 3590 rapuit
1037 3506 1171 3571 bellum.
1221 3509 1329 3590 ‘pater
1350 3506 1494 3591 optime'‚
1521 3505 1618 3588 dixit,

676 3610 894 3694 ingeminans
916 3610 1036 3675 bellum
1058 3616 1183 3676 nostros
1206 3629 1354 3694 reparare
1377 3610 1520 3691 labores,

673 3732 788 3779 uxores
809 3720 964 3797 natosque
987 3721 1089 3798 potes.
1136 3734 1208 3779 cum
1231 3713 1342 3778 sunere
1365 3712 1462 3777 vitam

672 3823 705 3880 et
727 3816 822 3881 bellis
845 3814 934 3881 finire
957 3816 1073 3900 placet.
1120 3836 1202 3899 quae
1224 3815 1312 3880 fama
1333 3835 1390 3900 per
1410 3814 1524 3880 omnes'

672 3918 778 4003 gentis
801 3917 861 3983 erit
882 3919 1034 4002 populos,
1061 3918 1089 3982 si
1112 3926 1239 3984 nostrae
1261 3916 1378 3983 iniuria
1400 3918 1510 3984 caedis

673 4022 843 4087 indefensa
865 4040 997 4086 manens
1020 4021 1119 4086 latum
1143 4021 1300 4086 referatur
1321 4020 1355 4085 in
1377 4022 1509 4086 orbem?

673 4126 841 4210 absorptas
863 4124 978 4190 melius
1001 4124 1104 4191 subito
1126 4124 1251 4190 telluris
1273 4124 1363 4189 hiatu

565 4275 570 4287 .
674 4248 757 4294 nrors
780 4228 884 4312 rapiat
905 4235 1029 4312 gentes.
1077 4228 1252 4293 extendant
1274 4228 1410 4293 Tartara
1432 4227 1542 4293 lauces

674 4340 706 4398 et
727 4333 838 4415 nigrae
860 4332 983 4416 pallore
1005 4331 1130 4397 domus.
1176 4331 1366 4416 Pmserpina
1387 4351 1519 4416 regnum

674 4437 775 4522 patris
798 4436 890 4521 inops
911 4442 1019 4501 teneat
1040 4434 1124 4518 uign‘
1146 4454 1203 4520 per
1225 4435 1312 4500 bella
1335 4435 1451 4499 mariti.

674 4546 748 4604 sunt
768 4538 872 4605 acies.
899 4545 973 4604 sunt
994 4559 1085 4603 arma
1105 4538 1174 4603 tibi.
1222 4558 1334 4621 surge,
1361 4538 1466 4622 arripe
1488 4538 1620 4602 bellam.

674 4649 706 4707 te
728 4642 809 4707 dirce
832 4642 998 4707 confossus
1022 4661 1137 4726 ponam
1161 4642 1230 4706 sine
1254 4641 1384 4706 crimine
1407 4641 1516 4706 sitam.

675 4747 756 4811 haec
777 4753 827 4811 est
848 4752 935 4811 certa
957 4747 1058 4811 salus.
1104 4752 1138 4810 tu
1160 4752 1288 4811 nostrae
1310 4744 1413 4827 gloria
1434 4744 1558 4827 gentis,

674 4856 707 4914 tu
731 4848 856 4913 virtutis
878 4847 996 4930 honos,
1021 4855 1056 4913 tu
1078 4866 1153 4932 spes
1175 4846 1332 4911 fidissima
1353 4846 1500 4912 Mauris'.

761 4952 814 5015 aix
837 4972 877 5017 ea
900 4952 1018 5016 Bmten
1040 4951 1103 5033 ait,
1129 4950 1234 5016 carneti
1257 4951 1395 5015 clamore
1416 4959 1592 5034 sequuntur

676 5057 899 5139 Carcasauque
922 5054 1077 5134 fremunt,
1104 5054 1265 5119 Carcasan
1288 5053 1434 5120 omnibus
1456 5074 1553 5119 unum

675 5159 824 5244 gentibus
847 5176 918 5223 esse
942 5157 1055 5223 ducem
1078 5157 1197 5241 linguis
1219 5156 1398 5240 animisque
1421 5157 1572 5224 latentur.

362 5331 410 5382 100
428 5335 551 5397 terrisque
574 5335 594 5381 Τ
699 5334 741 5382 101
765 5335 848 5382 mlnua
861 5334 881 5380 Τ
988 5331 1035 5381 101
1054 5333 1180 5396 uictisque
1199 5333 1286 5391 seca,
1305 5333 1380 5381 ulctls
1394 5332 1415 5379 Τ
1519 5330 1566 5381 103
1585 5331 1729 5395 Christique
1748 5334 1811 5395 patrl
1831 5332 1909 5383 allusu.

293 5419 339 5469 101
359 5425 469 5468 csrtsmn
491 5420 511 5466 Τ
614 5419 661 5469 106
680 5422 770 5468 abortia
790 5420 811 5467 Τ
924 5418 972 5468 108
991 5420 1099 5481 ilasguss
1119 5419 1140 5466 Τ
1255 5418 1302 5468 111
1321 5419 1436 5467 decorum
1460 5420 1480 5466 Τ
1592 5419 1640 5468 116
1658 5421 1773 5478 Ammon,
1793 5431 1842 5467 non
1862 5419 1910 5466 lam

290 5507 334 5567 qnl
351 5509 446 5567 scripsi,
467 5520 571 5555 rmonou
589 5520 645 5555 nam
664 5508 708 5569 qul
729 5506 756 5568 Τ,
775 5507 891 5554 Ammon.
912 5519 960 5554 non
980 5519 1089 5567 unquam
1109 5505 1198 5564 Maza„
1220 5507 1335 5555 Ammom
1356 5518 1414 5565 nun,
1434 5506 1537 5567 inquam
1554 5504 1641 5565 Beleia,
1662 5504 1703 5553 sed
1721 5505 1757 5566 es.
1776 5505 1791 5551 1
1797 5505 1816 5549 Τ
1834 5507 1909 5554 1130.

293 5594 367 5641 1113.
392 5595 455 5639 md
578 5590 625 5641 111
645 5593 732 5641 dolent
750 5590 827 5642 Mass.
952 5591 996 5641 111
1018 5595 1131 5655 equorals
1155 5593 1251 5642 ccatsnl
1271 5593 1292 5640 Τ
1415 5590 1463 5640 111
1481 5591 1541 5640 tetis
1562 5591 1583 5638 Τ
1712 5589 1761 5640 111
1778 5589 1871 5639 habent
1891 5589 1913 5637 Τ

292 5675 339 5725 111
360 5678 390 5724 ab
407 5676 465 5726 cdd.
487 5678 586 5728 Luebm.
714 5679 760 5728 130
777 5685 861 5742 potest
881 5679 902 5726 Τ
1005 5693 1061 5727 cum
1079 5680 1169 5728 funere
1190 5679 1219 5738 Τ,
1240 5692 1308 5727 nunc
1325 5691 1416 5740 ponera
1436 5676 1572 5728 Mammam
1695 5676 1741 5727 131
1760 5678 1871 5725 summu
1893 5675 1914 5724 Τ

293 5762 339 5812 135
358 5764 480 5812 extundat
500 5765 520 5811 Τ
623 5764 671 5815 139
689 5768 817 5815 confessus
840 5766 861 5815 Τ

1668 5852 1705 5895 a·
