4440 6276
1029 413 1177 467 COlllPl‘l

680 608 752 672 doru
778 606 866 668 loeus
889 611 953 683 est,
980 604 1034 686 qui
1056 610 1170 668 eunota
1192 603 1264 668 duci
1289 592 1461 671 manifesta
1484 608 1646 672 resolvant

679 710 839 775 Caroasan
862 727 980 772 aroana
1002 706 1078 771 sni’.
1123 725 1183 771 nee
1205 707 1298 791 plura
1319 708 1425 773 locuto

678 811 792 876 obvius
816 831 888 876 ecoe
911 809 1000 875 venit
1021 809 1198 883 Varianus,
1224 810 1361 892 belliger
1382 812 1439 877 ille

678 914 831 980 terribilis
854 913 1012 997 quondam
1034 913 1151 978 nostris
1175 913 1313 997 stipante
1336 922 1474 980 caterva.

678 1018 730 1082 hie
752 1017 903 1101 pinnatus
925 1024 1010 1097 erat,
1037 1038 1098 1082 non
1122 1038 1214 1099 quem
1238 1018 1425 1101 placaverat
1445 1028 1520 1085 ante

678 1120 863 1205 ensipotens
886 1122 1065 1185 Solumuth.
1111 1121 1239 1204 generis
1261 1128 1368 1187 tamen
1391 1143 1487 1207 asper
1509 1132 1642 1208 uterque

678 1224 835 1306 sanguine
858 1224 1030 1308 proximior
1052 1244 1124 1289 sese
1148 1225 1313 1308 perbelle
1336 1226 1469 1292 serebat.

679 1329 763 1391 lnme
787 1327 840 1392 obi
863 1328 1059 1412 prospiciens
1081 1334 1189 1392 eontra
1213 1329 1379 1394 Liberatus
1403 1338 1529 1396 euntem

679 1431 760 1496 vidit
782 1437 814 1495 et
835 1431 948 1496 ereetis
971 1438 1178 1515 temptantem
1202 1432 1324 1514 proelia
1347 1432 1484 1511 dextris,

678 1534 768 1599 irruit
790 1534 860 1618 ipse
882 1534 986 1618 prior,
1012 1542 1197 1616 turmasque
1221 1535 1344 1600 invadit
1366 1545 1543 1620 equestres.

571 1664 582 1700 ε
678 1638 752 1703 inde
775 1639 877 1702 ferum
900 1639 1044 1704 Veuman
1068 1639 1174 1703 valido
1196 1660 1253 1723 per
1276 1648 1404 1723 pectora
1427 1641 1492 1726 pilo

677 1742 883 1823 transadigit,
912 1743 1094 1824 hlarzinqne
1117 1743 1187 1807 neei
1210 1743 1398 1826 nigrumque
1423 1746 1599 1811 hamaldan

678 1853 711 1910 et
733 1845 828 1910 Zoias
851 1845 941 1910 dedit
962 1866 1039 1909 ense
1061 1847 1170 1928 gravi,
1198 1846 1373 1928 fortemque
1396 1848 1513 1912 Tifilan

678 1957 711 2014 et
733 1949 892 2013 Burcanta
913 1949 1107 2030 Nathunque
1130 1949 1204 2013 ferit
1227 1952 1411 2033 Soranoque
1434 1951 1585 2034 Tilinque

678 2051 915 2133 ensifenrmqne
938 2051 1057 2131 Niean,
1084 2051 1215 2116 eomites
1238 2052 1309 2134 quis
1331 2052 1427 2117 mittit
1448 2053 1491 2118 ad
1513 2055 1642 2120 umbras

678 2154 853 2220 tenibilem
876 2155 963 2219 Asea
986 2162 1019 2220 et
1039 2155 1215 2220 vibrantem
1240 2155 1362 2221 missile
1386 2157 1552 2224 Dextrum.

678 2258 833 2323 arrdaeem
856 2260 968 2324 Petrus
991 2257 1132 2323 Talaran
1155 2258 1331 2323 confixerat
1351 2259 1461 2341 hasta,

678 2382 771 2444 quem
795 2362 876 2447 petit
896 2362 1031 2427 infensis
1053 2364 1224 2428 laetantem
1248 2362 1414 2427 lammada
1435 2365 1522 2429 telis.

679 2466 763 2529 hvme.
784 2472 891 2530 tamen
915 2473 1082 2550 exceptum
1105 2466 1218 2530 Petrus
1241 2486 1390 2531 mucrone
1413 2467 1566 2552 peremit,

679 2569 806 2633 verticis
828 2569 895 2633 alta
916 2575 1024 2633 rotans
1045 2569 1199 2634 harneatis
1221 2578 1364 2654 tempora
1386 2571 1486 2635 venis.

553 2700 583 2736 κ’,
678 2672 860 2756 Stephanus
883 2672 1027 2754 Altisan,
1054 2673 1161 2737 Tarah
1185 2673 1259 2738 ferit
1280 2693 1357 2739 ense
1380 2674 1584 2756 Iugurtham,

679 2776 862 2839 hluriserum
887 2776 1014 2840 Prisous
1036 2776 1279 2859 lelidassenque
1303 2779 1457 2857 Caresus,

678 2879 811 2944 bilvutis
835 2880 1022 2960 Zembrom,
1049 2880 1203 2964 Grorgius
1226 2880 1350 2946 eonfiat
1370 2883 1514 2965 duspur,

677 2983 810 3048 vulnere
832 2983 1017 3067 perfodiens
1040 2991 1200 3050 oontortae
1223 2985 1367 3069 cuspidis
1388 2985 1518 3068 inguen.

762 3087 847 3152 vieta
869 3087 1012 3171 phalanx
1034 3107 1160 3153 versum
1183 3087 1318 3153 dederat
1338 3088 1502 3153 Maurusia
1524 3086 1662 3153 dorsum.

677 3190 830 3255 vietorom
853 3191 995 3273 sequitur
1017 3190 1118 3274 pubes
1139 3192 1296 3274 veloxque
1317 3191 1473 3256 tribunos.

678 3293 778 3375 surgit
801 3292 843 3357 ad
865 3295 1034 3358 aethereos
1056 3294 1156 3359 nubes
1180 3295 1372 3360 densissima
1394 3313 1540 3379 eampos,

678 3397 809 3479 pulvere
832 3397 917 3462 faeta
939 3397 1048 3480 fugae.
1095 3397 1173 3463 duro
1196 3405 1289 3463 sonat
1309 3399 1432 3480 ungula
1455 3418 1567 3475 cornu,

678 3507 711 3565 et
731 3501 811 3565 latet
831 3500 972 3586 aspersis
995 3520 1126 3586 eampus
1150 3508 1315 3586 ooopertus
1336 3500 1478 3566 harenis.

677 3604 883 3690 cornipedum
906 3604 1031 3669 fodiens
1054 3604 1162 3670 densis
1185 3605 1363 3670 eale-aribus
1385 3625 1490 3670 armos

677 3709 777 3775 hostis
801 3715 933 3790 uterque
956 3709 1052 3774 volat.
1101 3708 1244 3791 sequitur
1265 3715 1339 3773 tuno
1361 3709 1492 3791 agmina
1514 3709 1635 3792 pulvis,

677 3812 899 3896 significatque
920 3811 1002 3877 vias.
1050 3811 1176 3895 dirupto
1199 3831 1325 3876 earcere
1348 3818 1462 3876 ventus

676 3937 738 3981 non
760 3916 856 3980 aliter
875 3923 1003 3980 teneras
1025 3914 1103 3980 flatu
1125 3915 1284 3980 eonvolvit
1304 3915 1460 3996 harenas,

676 4040 747 4084 eum
769 4018 911 4084 tumidus
933 4020 1070 4095 Boreas,
1097 4019 1247 4102 Scythica
1268 4019 1332 4083 iam
1355 4019 1437 4084 liber
1458 4018 1500 4083 ab
1522 4018 1614 4096 aula,

676 4123 811 4208 perfurit
831 4123 864 4188 in
886 4141 1033 4207 eampos,
1059 4123 1151 4188 turho
1174 4123 1261 4187 volat
1283 4121 1429 4186 horridus
1451 4128 1525 4186 aute

677 4234 836 4292 contortus
858 4226 974 4290 virtute
996 4226 1090 4308 Noti,
1116 4246 1258 4309 gyroque
1281 4233 1410 4291 eoaetns

676 4330 772 4394 vertit
793 4330 966 4393 harenosas
988 4329 1180 4394 eonturhans
1202 4349 1342 4411 aequora
1363 4336 1475 4393 terras.

761 4432 889 4515 iamque
913 4439 1039 4497 seentus
1062 4439 1131 4497 erat
1152 4432 1244 4496 miles
1266 4432 1403 4514 fugitiva
1425 4452 1482 4516 per
1502 4451 1597 4515 agros

676 4537 807 4619 agmina
829 4536 930 4600 hlarte
953 4535 1079 4613 furens,
1105 4535 1349 4618 bellatricesque
1373 4542 1519 4600 catervas

677 4639 850 4725 spargebat
871 4638 981 4723 tepido
1003 4638 1141 4703 fundens
1164 4659 1221 4722 per
1242 4639 1388 4721 gramina
1410 4639 1504 4703 ferro.

552 4769 581 4805 :x
677 4743 815 4826 despicit
835 4743 906 4826 ipse
929 4749 1037 4807 tamen
1059 4741 1314 4825 dedignaturque
1337 4742 1483 4807 tribunus

676 4854 818 4912 sternere
841 4845 940 4911 eaede
962 4846 1065 4923 viros,
1091 4845 1180 4909 vivos
1203 4844 1261 4910 sed
1283 4845 1438 4929 prendere
1462 4852 1587 4911 eertaus

676 4950 779 5015 veloei
801 4950 958 5015 volitabat
980 4970 1078 5032 equo,
1105 4949 1267 5033 pilumque
1290 4956 1475 5033 retorquens

677 5053 814 5137 grandia
835 5053 995 5138 percussis
1018 5053 1159 5118 iactabat
1180 5072 1312 5137 corpora
1334 5052 1496 5116 membris.

359 5233 409 5283 416
427 5237 553 5283 carrhasan
576 5233 596 5278 T
700 5228 748 5279 tlt
769 5229 895 5276 Varianus
913 5231 1012 5289 scripu,
1048 5229 1166 5276 artorius
1187 5228 1216 5277 T.
1251 5230 1332 5288 primo
1350 5229 1457 5275 nornim'a
1476 5230 1558 5275 littere
1577 5229 1593 5274 2
1610 5245 1644 5277 m.
1665 5231 1700 5276 lto
1718 5232 1847 5277 tramutata
1865 5235 1912 5288 ert,

289 5327 317 5369 ut
335 5325 429 5369 arsetas
447 5321 507 5384 quid
524 5321 605 5379 lepor.
634 5314 870 5375 lanteresheim,
896 5314 938 5362 red
955 5316 989 5375 cf.
1012 5317 1070 5363 163.
1092 5318 1150 5363 stt).
1177 5314 1368 5362 lvere-969
1506 5313 1557 5362 418
1576 5316 1668 5362 nestris
1688 5314 1783 5371 blare,
1809 5314 1870 5362 hlsti
1892 5315 1915 5361 Τ

290 5407 340 5456 410
358 5409 460 5468 generis
478 5414 560 5455 tumen
582 5405 612 5465 T,
638 5407 769 5465 generis:
790 5409 873 5450 tamen
895 5401 1038 5457 Mommsen,
1065 5405 1194 5449 marierun
1213 5399 1434 5462 quldtrrterctderit
1573 5399 1623 5449 430
1641 5402 1751 5449 terribile
1769 5403 1856 5448 irrasan
1873 5403 1916 5450 vel

289 5495 403 5542 terribile
415 5508 499 5541 masan
515 5493 536 5539 T
639 5490 687 5540 431
707 5498 805 5552 petrum
821 5490 841 5536 T
944 5487 1150 5537 laetaremur
1254 5486 1303 5535 434
1323 5488 1425 5534 uerticis
1439 5486 1530 5547 Moza,
1550 5487 1688 5535 utrtntlsT
1791 5487 1865 5535 neuin
1880 5486 1913 5551 T,

290 5581 373 5628 neruis
393 5579 472 5629 Maza.
612 5577 662 5626 435
688 5579 818 5626 sthelenus
837 5577 926 5623 altlaan
948 5575 983 5634 Τ,
1010 5576 1108 5622 Altisnn
1129 5574 1271 5636 Stephanus
1291 5572 1367 5620 Moza.
1508 5571 1557 5621 437
1583 5573 1715 5635 Gregorius
1733 5575 1814 5620 inhelt
1831 5571 1912 5622 nasa

278 5666 340 5715 ι441)
358 5668 437 5728 pober
457 5665 541 5726 nera,
563 5666 637 5727 paler
658 5665 686 5724 T,
708 5665 780 5711 miles
799 5663 876 5710 Mora.
994 5662 1113 5722 uelosqne
1135 5661 1155 5707 Τ
1276 5660 1326 5709 446
1345 5660 1442 5707 dimoto
1463 5660 1483 5705 Τ
1604 5659 1652 5709 447
1673 5660 1802 5708 conuolult
1820 5657 1911 5713 Muza..

288 5766 343 5803 eum
361 5752 443 5803 uolult
463 5752 483 5801 Τ
587 5750 637 5802 449
655 5752 764 5817 periuris
785 5750 805 5799 Τ
910 5747 957 5798 451
979 5748 1056 5795 nortis
1078 5749 1098 5796 Τ
1201 5761 1307 5812 aequora
1326 5746 1416 5807 rrum,
1436 5760 1500 5810 equo
1520 5748 1540 5796 Τ
