4440 6276
815 445 852 499 IN
873 444 1030 499 LAVDEM
1049 443 1189 500 1vs'r1u1
1209 444 1279 499 LlB.
1299 443 1320 498 l.

645 652 714 696 eum
739 633 818 698 deus.
841 633 1006 719 imperium
1029 640 1138 698 saneto
1160 633 1225 699 iam
1248 632 1373 699 dixerat
1394 655 1447 699 ore

644 736 764 800 Iustino
786 737 987 822 Sopbiaeque
1009 736 1096 819 dari,
1122 757 1274 820 muroque
1297 737 1417 822 potenti

645 840 789 905 cinxerat
810 847 905 923 atoue
928 839 1025 904 armis
1045 846 1143 905 totam
1167 840 1360 905 caelestibus
1383 841 1512 905 aulam?

644 943 750 1007 omnia
773 942 944 1028 disponens
967 944 1101 1010 munivit
1122 943 1274 1028 providus
1296 963 1401 1009 arcem

644 1047 810 1126 Tiberius,
836 1046 956 1111 domini
978 1066 1103 1132 semper
1125 1048 1175 1112 eui
1198 1046 1338 1111 maxima
1360 1067 1436 1112 eura

646 1148 790 1214 utilitatis
813 1155 892 1214 erat.
937 1170 1075 1233 namque
1097 1150 1186 1214 illum
1211 1149 1368 1214 maximus
1390 1149 1476 1213 orbis

646 1251 819 1317 communis
841 1251 1025 1317 benefactor
1047 1253 1138 1317 alens
1161 1259 1193 1318 et
1215 1252 1255 1317 ab
1279 1252 1376 1318 ubere
1399 1252 1508 1316 matris

646 1354 823 1439 surseipiens
845 1355 955 1439 primis
977 1375 1109 1439 puerum
1134 1354 1291 1438 praelegit
1312 1355 1353 1419 ab
1375 1354 1487 1435 annis,

646 1466 742 1540 utque
764 1464 856 1542 pater
878 1458 1020 1540 genitum
1044 1456 1191 1539 nutrivit⁷
1218 1457 1313 1529 fovit
1339 1456 1476 1537 amauit,

646 1560 862 1646 paulatimque
884 1559 985 1626 virum
1010 1582 1134 1626 summa
1155 1560 1187 1625 in
1210 1560 1342 1644 farstigia
1364 1559 1465 1624 duxit.

646 1664 719 1729 hinc
741 1665 837 1729 etiam
861 1664 987 1730 iuvenis
1009 1670 1077 1729 tota
1098 1665 1213 1730 virtute
1236 1664 1385 1728 laborans

647 1788 702 1853 pro
724 1787 828 1833 rerum
851 1767 989 1833 (lerninis
1011 1767 1150 1832 animam
1173 1767 1334 1851 uitamque
1356 1766 1485 1852 periclis

647 1892 710 1936 non
731 1870 855 1936 dubitat
877 1871 1030 1956 praebere
1053 1891 1162 1951 suam,
1189 1870 1382 1954 vigilatque,
1409 1871 1567 1953 iidemque

647 1974 794 2056 exhibet,
820 1981 852 2040 et
873 1994 1029 2040 summum
1052 1974 1166 2040 memit
1188 1974 1380 2039 dominantis
1403 1994 1553 2038 amorem.

648 2078 699 2143 bic
720 2078 802 2143 bene
825 2077 966 2162 suscepti
988 2077 1161 2162 primordia
1182 2096 1336 2162 prospera
1358 2077 1450 2159 regni

649 2180 787 2245 discreta
808 2181 930 2246 ratione
953 2200 1087 2257 vocans,
1113 2200 1282 2265 properare
1305 2179 1418 2245 fideles

649 2283 805 2366 urguebat
827 2283 964 2349 famulos
986 2290 1019 2348 et
1040 2289 1154 2348 cuncta
1175 2303 1288 2367 parare
1310 2281 1451 2347 iubebat.

735 2393 845 2451 aurato
866 2386 989 2451 interea
1011 2405 1124 2470 corpm
1147 2386 1283 2451 sublime
1305 2385 1420 2450 feretro

649 2489 822 2575 inpositum
845 2489 937 2553 turba
959 2488 1149 2553 famulemur
1172 2487 1268 2553 flente
1291 2488 1432 2569 iacebat,

651 2600 683 2658 et
704 2591 835 2658 flentum
858 2592 997 2658 lacrimis
1019 2592 1123 2656 iustus
1146 2590 1235 2656 (lolor
1257 2612 1313 2655 ora
1334 2590 1470 2673 rigabat.

651 2697 744 2761 arbor
765 2696 812 2761 uti
835 2695 963 2777 mediis,
989 2694 1104 2759 avibus
1127 2693 1328 2777 gratissima,
1354 2693 1476 2777 campis

651 2801 744 2865 annis
766 2799 851 2865 victa
873 2797 993 2863 cadens
1016 2797 1181 2879 antiquum
1204 2797 1300 2860 robur
1322 2796 1431 2881 opacis

652 2911 759 2968 servat
781 2902 885 2968 adhue
907 2901 1009 2982 foliis,
1036 2908 1068 2966 et
1090 2920 1220 2985 corpore
1243 2899 1316 2964 fusa
1338 2898 1452 2983 supino

651 3005 808 3090 languida
829 3026 887 3090 per
908 3006 992 3070 latas
1014 3003 1169 3088 expandit
1190 3002 1322 3067 brachia
1343 3009 1462 3079 terram

653 3118 686 3176 at
708 3109 824 3176 circum
847 3109 1000 3191 querulae
1023 3107 1218 3189 volitantque
1243 3106 1418 3189 sedentque
1441 3107 1603 3187 volucres,

653 3220 896 3293 maerentesque
919 3211 1027 3276 dolent
1049 3210 1158 3276 sedem
1183 3208 1338 3275 cecidisse
1362 3209 1516 3293 priorem,

653 3324 686 3382 et
707 3314 891 3400 quaerenda
913 3314 1004 3379 nevis
1027 3314 1120 3379 arbor
1143 3315 1251 3397 placet
1271 3313 1373 3378 altera
1395 3312 1496 3379 nidis:

654 3419 701 3484 sic
722 3439 872 3502 suprema
894 3438 972 3483 suae
997 3436 1130 3482 servans
1153 3416 1293 3500 insignia
1317 3415 1402 3481 vitae

652 3520 848 3586 lastinianus
950 3570 957 3601 ‚
983 3539 1045 3584 non
1067 3527 1193 3584 mutans
1215 3525 1315 3584 morte
1337 3520 1489 3601 colorem,

655 3625 711 3690 sed
735 3623 828 3689 solito
852 3623 990 3689 candore
1013 3623 1128 3688 nitens.
1176 3621 1261 3704 quod
1283 3621 1394 3687 vicerit
1417 3622 1542 3701 orbem,

655 3747 738 3793 mors
760 3726 943 3792 veneranda
966 3725 1025 3790 viri
1048 3724 1149 3807 signis
1172 3724 1360 3789 monstravit
1381 3725 1513 3808 apertis.

654 3814 725 3915 ipae
747 3829 916 3895 videbatur
938 3827 1060 3893 cunetis
1083 3826 1310 3911 plangentibus
1332 3846 1414 3891 unus

655 3934 763 4017 effigie
787 3932 929 4014 gaudere
952 3931 1024 4015 pia.
1051 3929 1233 3995 diademate
1256 3937 1399 4012 comptus

655 4056 878 4122 purpureaque
900 4035 933 4099 in
956 4041 1045 4099 veste
1067 4033 1193 4115 iacens,
1219 4032 1418 4115 requiescere
1441 4051 1550 4095 sonmo

655 4140 784 4206 credere
807 4137 890 4222 quod
914 4137 1037 4223 possis,
1063 4157 1124 4201 non
1147 4136 1225 4202 duro
1247 4135 1375 4217 funere,
1402 4154 1528 4219 eorpus.

655 4244 747 4324 baut,
774 4262 860 4324 reor,
885 4240 1031 4306 inmerito
1054 4240 1226 4305 siclaetus
1249 4245 1282 4304 et
1302 4259 1355 4303 ore
1377 4238 1536 4321 benignus

549 4394 553 4407 .
656 4349 712 4413 ille
735 4347 816 4411 foret
837 4344 989 4425 moriens,
1015 4343 1079 4408 nisi
1102 4363 1192 4408 mens
1215 4341 1276 4407 sibi
1299 4340 1425 4406 conscia
1448 4340 1525 4406 recti

655 4452 689 4516 in
713 4451 835 4515 eaelum
860 4466 1036 4532 properans
1059 4466 1187 4511 securos
1209 4445 1366 4528 linqueret
1388 4451 1493 4522 artus,

659 4562 691 4618 et
712 4559 813 4618 tutum
836 4550 1003 4635 imperium
1027 4549 1151 4613 firmato
1173 4547 1291 4613 herede
1314 4548 1444 4612 locaret.

745 4655 807 4720 buc
829 4654 883 4718 ubi
907 4653 1130 4736 magnanimus
1153 4671 1244 4715 saera
1265 4671 1336 4715 cum
1361 4650 1494 4731 coniuge
1517 4651 1629 4730 venit,

660 4779 736 4823 cara
758 4777 815 4841 per
837 4756 1018 4820 exanimum
1042 4752 1242 4818 circumdans
1264 4751 1394 4816 brachia
1417 4771 1532 4836 corpus

660 4880 729 4924 eum
754 4857 895 4923 lacrimis
918 4857 1059 4922 lustinus
1081 4855 1136 4921 ait.
1189 4855 1261 4920 ‘lux
1284 4854 1371 4919 urbis
1393 4862 1425 4919 et
1447 4853 1549 4939 orbis,

345 5156 395 5206 240
413 5157 465 5206 dari
485 5157 606 5218 Darapsa,
626 5156 682 5204 dare
702 5153 738 5216 Μ,
757 5155 841 5201 datum
862 5151 923 5200 aaa
1025 5149 1072 5199 214
1094 5151 1220 5198 cinerescat
1236 5148 1263 5196 Μ
1365 5152 1440 5211 atque
1457 5149 1579 5209 Dempta,
1599 5149 1666 5197 etM
1768 5151 1817 5201 244
1837 5153 1893 5201 hor.

274 5245 315 5293 bls
335 5243 368 5304 Μ,
389 5246 424 5292 ric
441 5242 493 5303 sm
511 5256 611 5302 semper,
631 5241 673 5290 recl
689 5256 751 5289 ectr.
769 5241 914 5301 plorataque
932 5241 948 5284 ⁶.)
965 5252 998 5285 m.
1121 5235 1171 5285 245
1189 5237 1319 5284 conmunis
1339 5234 1367 5282 Μ
1477 5236 1553 5283 abere
1571 5234 1642 5296 aasz,
1663 5236 1697 5283 bn
1716 5238 1746 5285 be
1766 5237 1800 5297 Μ,
1820 5254 1894 5301 supro

275 5332 368 5378 litteras
385 5331 416 5377 be
434 5331 550 5378 &molem
567 5327 663 5376 addidit
681 5329 741 5376 tm.
848 5323 898 5373 249
915 5324 991 5371 etiam
1009 5323 1048 5369 eet
1064 5328 1105 5369 est
1121 5322 1186 5384 quod
1206 5321 1277 5381 netz,
1297 5325 1335 5369 est
1355 5320 1383 5367 Μ
1483 5326 1534 5369 tots
1553 5320 1586 5381 M,
1608 5326 1666 5370 nota
1687 5323 1766 5371 Vcarlt
1779 5323 1847 5385 Spes.
1864 5329 1895 5373 lu

276 5415 321 5465 224
343 5413 550 5478 precaremur
568 5415 627 5462 solet
739 5411 788 5460 222
807 5411 893 5459 exibet
910 5415 936 5458 et
953 5409 1146 5456 summumernlt
1165 5406 1192 5454 Μ
1298 5405 1348 5455 224
1366 5421 1458 5455 uocans
1478 5406 1512 5468 Μ,
1533 5412 1621 5455 notans
1639 5410 1677 5455 ecl
1695 5409 1783 5458 nolens
1800 5413 1838 5458 cet
1856 5412 1896 5458 ui·

276 5504 339 5551 dens
355 5503 445 5550 moluit
465 5500 526 5548 aasz
630 5497 680 5547 229
698 5498 786 5546 obibus
807 5496 835 5543 Μ
937 5493 985 5543 237
1004 5501 1058 5543 eret
1073 5499 1126 5555 port
1144 5494 1300 5542 lustlnlanus
1318 5492 1375 5541 add.
1397 5492 1460 5542 aasz
1561 5493 1676 5542 mendam
1693 5499 1794 5555 practer
1811 5498 1894 5551 latere,

278 5591 411 5637 Iustiniani
428 5600 516 5635 nomen
534 5588 652 5647 pleroma
670 5598 718 5632 esu
736 5585 873 5645 suspicetur
891 5587 925 5630 est
943 5580 1018 5629 Bnrtb
1039 5581 1131 5627 artu
1151 5581 1180 5628 13
1196 5594 1221 5641 p.
1245 5582 1310 5628 1609
1358 5574 1362 5580 ’
1440 5577 1489 5628 238
1507 5581 1571 5641 quod
1591 5580 1625 5642 Μ,
1647 5583 1706 5643 qula
1723 5583 1781 5642 lecit
1800 5583 1863 5630 Ruta

279 5676 369 5723 uicerit
381 5673 417 5735 Μ,
438 5674 533 5721 ulcerat
545 5671 607 5721 Birt.
712 5668 761 5718 243
780 5683 865 5730 posses
885 5668 946 5717 retu.
1051 5665 1101 5715 244
1119 5671 1163 5713 aut
1183 5671 1254 5724 lm„
1273 5667 1335 5713 baut
1354 5666 1416 5714 2'm,
1439 5663 1468 5711 Μ
1569 5666 1619 5716 246
1638 5682 1736 5716 securos
1757 5667 1791 5729 M,
1812 5683 1898 5716 secura

278 5760 321 5812 bos
339 5761 426 5810 malim
528 5757 578 5810 247
597 5764 679 5807 tutum
698 5756 771 5815 utet..
791 5760 872 5804 totum
892 5753 920 5802 Μ
1021 5751 1071 5802 250
1088 5751 1176 5801 hurbis
1192 5757 1218 5800 et
1234 5751 1317 5800 borbts
1336 5749 1370 5811 Μ,
1390 5755 1419 5800 at
1436 5751 1493 5800 tolet

1637 5853 1691 5905 tu*
