4440 6276
1019 429 1166 485 00R1PP1

669 618 841 702 permisere
864 617 966 701 loqui,
993 617 1165 702 digitisque
1188 617 1317 682 silentia
1339 616 1460 698 linguis

669 721 849 805 imposuere
873 719 951 786 suis.
998 721 1093 786 dooni
1115 727 1286 805 praecepta
1308 719 1448 785 iubentis

670 823 824 908 principis
847 831 879 889 et
900 844 1029 889 morem.
1077 825 1180 909 pietas
1204 830 1238 889 ut
1259 844 1379 906 magna
1400 822 1540 905 regentis

669 927 776 992 omnia
797 927 973 1008 contineat,
1001 928 1111 994 erebro
1134 948 1280 992 sermone
1303 926 1438 992 cucurri.

669 1031 816 1096 rirtutem
839 1030 1027 1096 indomitam
1054 1032 1150 1097 mista
1171 1030 1313 1096 bonitate
1336 1029 1446 1096 refovi.

671 1151 769 1217 saepe
791 1132 895 1199 minas
917 1133 1059 1215 addens,
1086 1135 1245 1199 Romanos
1266 1153 1398 1218 parcere
1421 1131 1506 1209 dixi,

671 1236 728 1301 sed
750 1243 857 1301 tamen
880 1244 912 1302 et
933 1244 1048 1320 gentes
1071 1257 1197 1322 semper
1217 1237 1354 1320 fregisse
1377 1235 1533 1320 superbas

527 1364 532 1376 ·
563 1363 575 1401 e
671 1338 814 1405 funditus
838 1346 870 1405 et
892 1341 1017 1405 validos
1040 1341 1126 1406 bello
1149 1341 1305 1433 pressisse
1327 1347 1497 1423 tyrannos,

671 1462 877 1524 enumerans,
904 1464 985 1526 quos
1008 1446 1109 1509 Roma
1130 1451 1242 1529 potens
1265 1452 1399 1528 postque
1420 1443 1491 1526 ipse
1514 1440 1642 1524 subegit

671 1554 780 1612 noster
801 1547 842 1612 ab
865 1554 1006 1612 extremo
1029 1554 1221 1632 temptantes
1243 1546 1366 1631 proelia
1387 1544 1506 1610 mundo

671 1649 829 1733 princeps.
877 1650 1001 1716 asserui
1023 1650 1162 1732 bellum,
1188 1670 1364 1734 pacemque
1388 1668 1552 1714 reeurrens

672 1753 803 1835 edoeui,
829 1753 1022 1837 tandemque
1045 1753 1144 1819 silens
1166 1773 1320 1838 responsa
1341 1752 1451 1837 petivi.

671 1858 720 1922 illi
742 1858 824 1923 inter
846 1877 917 1923 sese
941 1857 1042 1922 iraeto
1066 1877 1210 1923 sermone
1232 1856 1376 1921 furentes

663 1961 806 2055 'lanatus
829 1961 951 2041 varios,
978 1960 1186 2027 stridentibus
1208 1960 1339 2025 horrida
1360 1959 1480 2043 linguis

672 2063 772 2129 verba
793 2063 899 2129 ferunt
921 2082 1057 2146 seseque
1080 2084 1161 2129 novo
1184 2070 1302 2128 terrore
1325 2063 1505 2143 revineunt,

671 2173 777 2232 monte
800 2166 867 2251 lupi
889 2166 995 2231 medio
1018 2168 1134 2249 veluti,
1161 2187 1233 2232 oum
1255 2165 1366 2232 nubila
1388 2166 1463 2231 latis

672 2270 858 2336 incumbunt
878 2270 988 2351 terris,
1015 2270 1190 2335 ululatibus
1212 2277 1289 2335 ae'ra
1311 2270 1430 2335 enebris

530 2396 577 2434 aa
672 2375 803 2459 pulsant
825 2393 943 2458 perque
966 2392 1063 2438 oavas
1085 2380 1234 2439 resonant
1256 2373 1424 2437 latratibus
1448 2373 1587 2437 umbras.

674 2485 708 2543 ut
730 2476 856 2560 requies
878 2476 964 2542 faeta
986 2483 1036 2541 est
1057 2476 1189 2557 animis,
1216 2483 1291 2541 tune
1313 2475 1370 2541 ille
1392 2476 1549 2560 superbus

673 2580 753 2645 talia
774 2580 873 2644 verba
895 2578 972 2644 mihi
995 2578 1088 2645 dietis
1111 2579 1275 2664 respondit
1296 2578 1431 2644 aeerbis.

678 2683 758 2749 ‘ista
779 2681 858 2747 mibi
880 2681 958 2747 satis
980 2689 1029 2747 est
1050 2681 1183 2747 Romani
1208 2682 1335 2766 eognita
1357 2682 1448 2765 regni

674 2806 776 2872 nuper
798 2792 890 2870 rupta
911 2785 1003 2851 fides.
1051 2786 1216 2852 ultraneo
1243 2785 1356 2851 fallere
1378 2785 1547 2868 quisquam

675 2889 814 2955 Antalan
837 2908 872 2954 se
894 2908 988 2974 posse
1011 2895 1112 2973 putet.
1158 2889 1224 2953 iam
1247 2888 1366 2954 suffieit
1386 2888 1473 2953 istud

675 2993 825 3059 Armenio
847 2991 978 3059 licuisse
1001 2993 1111 3057 semel.
1159 3011 1217 3057 vos
1239 2991 1335 3076 fingis
1357 2992 1477 3057 amieos

675 3102 744 3162 arte
766 3095 857 3160 mibi.
904 3116 965 3161 non
989 3101 1095 3161 vester
1117 3102 1227 3161 eram?
1269 3116 1332 3160 non
1355 3114 1453 3179 saepe
1476 3094 1622 3160 eueurri?

675 3219 738 3264 non
760 3199 868 3264 iussus
889 3197 1014 3264 merui?
1057 3206 1170 3264 cautus
1192 3218 1255 3263 non
1277 3198 1402 3283 proelia
1423 3199 1510 3281 gessi

676 3301 906 3388 preducibus,
932 3303 1092 3384 Romane,
1118 3302 1205 3367 tuis?
1248 3322 1300 3368 res
1322 3302 1452 3387 publiea
1474 3309 1558 3367 eerte

534 3428 581 3466 :a
678 3405 743 3470 fida
765 3405 843 3471 satis
867 3405 1061 3489 sanguisque
1083 3413 1174 3488 tuus,
1202 3426 1370 3488 gennano,
1398 3406 1534 3487 fatetur,

679 3507 862 3590 Guariuila,
888 3507 978 3574 dueis
1000 3508 1091 3573 iussu
1113 3507 1167 3590 qui
1190 3508 1282 3574 fusus
1303 3508 1405 3591 iniqui
1427 3516 1486 3575 est.

678 3612 883 3695 Armeniique
906 3611 951 3676 tui
976 3610 1083 3675 doeuit
1104 3610 1180 3675 mibi
1202 3610 1327 3676 reddita
1353 3632 1494 3695 meroes,

679 3715 828 3799 frangere
850 3714 952 3798 quod,
978 3714 1068 3779 nisus
1090 3721 1198 3779 nostra
1220 3714 1354 3795 uirtute,
1381 3722 1552 3798 tyrannum

679 3818 847 3884 Guntarith
870 3818 923 3883 hie
945 3819 1057 3902 potuit.
1103 3817 1175 3902 paei
1198 3818 1243 3882 sie
1266 3817 1349 3883 fidus
1371 3818 1512 3897 amieae,

679 3921 725 3986 sie
746 3921 896 4001 meritus,
924 3921 1039 3987 vestris
1061 3919 1148 4002 quod
1169 3920 1236 3985 favi
1260 3939 1357 4006 saepe
1379 3921 1567 4006 triumphis,

678 4024 758 4090 haee
779 4045 840 4107 ego
863 4023 963 4108 digna
983 4024 1060 4099 tuli:
1087 4024 1178 4089 vobis
1201 4024 1276 4107 quia
1298 4024 1386 4089 bella
1407 4025 1530 4109 peregi.

679 4127 813 4192 haecine
835 4134 944 4193 vestra
965 4126 1068 4191 fides?
1110 4127 1193 4192 tales
1216 4128 1397 4192 referuntur
1418 4127 1536 4193 amieit’

679 4230 875 4295 Artabanum
897 4229 992 4295 modo
1015 4236 1107 4312 grata
1129 4229 1225 4311 mihi,
1252 4230 1393 4313 fortuna,
1420 4229 1584 4312 dedisses,

680 4340 764 4398 sorte
786 4354 870 4398 nova
893 4332 983 4398 fortis
1007 4333 1127 4417 pariter
1148 4353 1219 4398 eum
1241 4340 1349 4399 noster
1372 4334 1504 4416 Ilaguas

537 4464 541 4475 ·
572 4463 584 4499 a
681 4443 788 4501 eastra
809 4436 892 4520 regit
914 4443 1091 4519 gentesque
1112 4436 1200 4501 ferae
1224 4436 1264 4502 de
1287 4436 1403 4502 finibus
1425 4437 1549 4503 Austri!

681 4558 762 4621 quas
785 4545 892 4605 tamen
916 4559 990 4604 ecee
1013 4545 1106 4623 parat
1128 4538 1239 4604 ductor
1260 4546 1417 4624 temptare
1440 4540 1598 4605 lohannes

680 4642 780 4707 milite
803 4664 875 4708 eum
897 4663 1006 4726 parvo.
1053 4661 1164 4727 paoem
1188 4643 1241 4726 qui
1264 4663 1417 4726 quaerere
1440 4650 1580 4708 nostram

680 4765 742 4810 non
765 4744 878 4810 humili
901 4765 972 4810 eum
995 4746 1063 4810 iure
1086 4752 1192 4829 putat,
1221 4745 1278 4811 sed
1301 4746 1440 4811 callidus
1462 4752 1547 4828 arte,

680 4868 811 4932 poscere
834 4867 912 4932 quos
936 4847 1061 4929 decuit,
1088 4848 1180 4913 vanis
1204 4849 1376 4914 terroribus
1399 4856 1492 4915 artat.

679 4957 725 5017 tot
747 4951 825 5016 mihi
846 4958 919 5036 post
939 4951 1072 5015 meritos
1095 4951 1238 5016 subiecto
1261 4952 1362 5016 Marte
1385 4953 1579 5037 triumphos.

679 5053 812 5121 dextera
834 5075 913 5137 qnos
937 5054 1063 5137 tribuit,
1090 5053 1226 5119 dueibus
1249 5056 1365 5121 virtute
1387 5057 1579 5141 peremptis.

361 5320 411 5371 338
430 5321 606 5384 promisereT
707 5317 877 5379 dignisqueT
980 5316 1027 5365 341
1048 5319 1145 5366 erronrri
1161 5317 1190 5379 Τ,
1211 5319 1303 5366 recurri
1318 5317 1454 5365 Mommsen
1558 5316 1607 5363 315
1626 5316 1748 5377 pressisse
1765 5316 1853 5381 aeta„
1872 5319 1917 5367 de·

291 5410 387 5471 perisse
401 5408 431 5468 Τ,
446 5403 642 5469 periisabMuza.
735 5404 785 5453 348
803 5418 940 5466 pacemque
955 5404 983 5465 T,
998 5418 1116 5466 pacemne
1129 5405 1185 5463 legit
1200 5402 1277 5452 ,tiaza
1371 5402 1420 5450 353
1440 5401 1585 5449 montemT
1673 5400 1720 5450 sol
1739 5404 1883 5451 aremeiod'

291 5496 393 5542 licuisse
410 5494 438 5555 Τ,
453 5496 568 5542 uetuisse
582 5491 656 5541 Moza.
741 5491 856 5539 semulT
937 5494 1088 5552 uosaertpsq
1103 5491 1200 5552 quosT
1280 5491 1353 5549 tingis
1369 5489 1398 5545 Τ,
1416 5489 1557 5549 ongitteqa
1571 5486 1648 5536 Moza.
1722 5486 1788 5552 ⁴362
1806 5490 1868 5538 mibi
1884 5490 1913 5541 Τ.

291 5594 356 5629 uena
375 5580 455 5629 Musa.
572 5577 622 5627 383
641 5580 724 5626 iussus
742 5579 840 5624 merui?
858 5582 946 5625 cautus
967 5576 1062 5639 birras,
1091 5579 1165 5625 iussis
1185 5578 1264 5625 merui
1284 5582 1372 5623 cantus
1395 5576 1428 5633 T,
1459 5576 1534 5622 iussis
1552 5575 1632 5623 merui
1652 5578 1759 5637 perena?
1778 5573 1912 5637 Mommsen

291 5664 527 5716 aestumator
628 5664 677 5713 :tro
697 5663 899 5723 merrtusrrak„
921 5660 1055 5711 ureritisT
1158 5663 1207 5711 313
1226 5663 1337 5710 dedisset
1358 5661 1436 5710 Most.
1543 5661 1592 5709 375
1610 5662 1677 5709 ferae
1696 5661 1812 5710 debitam
1823 5662 1914 5722 Bere,

292 5752 386 5801 ferei*
490 5750 536 5799 381
559 5750 712 5813 peroptisT
