4440 6276
288 410 435 477 XXVIII
991 371 1221 463 raoonmvu.

295 652 398 717 usque
436 632 478 698 ad
507 632 661 697 Iohannis
697 632 918 717 expeditiones
954 650 1143 716 percurrens
1178 630 1233 694 vix
1263 644 1403 710 unquam
1433 630 1546 695 eadem
1576 649 1597 693 a
1626 633 1716 713 parte
1747 629 1805 694 hos
1834 627 1922 693 viros

297 753 424 818 stetisse
455 751 612 817 invenies.
659 752 780 818 Casina
808 771 839 816 a.
872 753 934 815 535
962 750 1139 815 rebellante
1168 749 1320 828 Antalas,
1358 749 1477 813 Antala
1505 768 1526 813 a
1555 748 1723 814 Solomone
1752 747 1922 814 deficiente

296 891 328 937 a.
353 876 414 935 544
438 871 558 937 Casina
579 872 731 936 Romanis
754 870 849 935 iidem
874 870 1023 934 servavit.
1071 869 1242 933 Solomone
1265 867 1382 934 deinde
1403 867 1571 933 interiecto
1593 869 1740 948 quamvis
1762 869 1923 932 Romanas

295 990 478 1076 provincias
506 990 601 1056 simul
631 997 794 1056 vastarent
816 997 941 1074 etpost
963 1008 1104 1073 pugnam
1128 987 1319 1052 Taciensem
1343 1008 1406 1051 una
1429 987 1656 1069 Carthaginem
1679 994 1840 1072 peterent,
1873 995 1924 1053 ta·

298 1129 372 1175 men
399 1116 475 1175 tuno
503 1109 643 1174 maxime
667 1109 787 1175 Casina
815 1109 897 1172 clam
928 1128 999 1172 cum
1022 1107 1197 1172 Ariobindo
1225 1127 1327 1189 agens
1349 1107 1487 1172 Antalae
1517 1107 1652 1172 insidias
1674 1108 1833 1190 struebat,
1867 1107 1922 1191 qui

297 1229 488 1294 Guntaritho
512 1228 700 1294 seditionem
722 1228 848 1312 paranti
870 1226 1001 1291 favebat
1012 1229 1076 1308 ¹⁴²[.
1123 1226 1188 1292 Sed
1210 1227 1384 1291 Ariobindo
1405 1226 1579 1308 trucidato,
1613 1226 1668 1291 ubi
1697 1227 1833 1311 primum
1855 1229 1924 1291 An-

299 1349 383 1415 talas
407 1348 597 1413 Guntaritho
618 1347 756 1412 infestus
779 1345 883 1411 iaetus
906 1354 938 1411 et
959 1346 1160 1429 imperatoris
1182 1347 1225 1412 ad
1245 1353 1354 1430 partes
1375 1353 1595 1427 transgressus
1618 1354 1677 1425 est,
1704 1345 1809 1410 statim
1833 1345 1925 1411 Gun-

298 1467 408 1532 tarithi
439 1467 482 1532 ad
511 1467 683 1532 amicitiam
708 1466 828 1532 Casina
858 1485 892 1530 se
922 1465 1068 1530 adiunxit
1097 1475 1128 1531 et
1158 1467 1225 1530 suis
1255 1465 1355 1550 copiis
1384 1464 1619 1547 expeditionem
1643 1473 1751 1530 contra
1773 1466 1923 1530 Anteiam

297 1593 481 1671 susceptam
510 1586 707 1669 adiuvit¹⁴³).
754 1585 901 1668 Denique
930 1585 1019 1649 bello
1047 1585 1130 1650 inter
1157 1584 1332 1669 Byzantios
1362 1590 1394 1648 et
1419 1584 1571 1649 Anteiam
1599 1584 1774 1650 instaurato
1804 1585 1925 1651 Casina

299 1705 452 1770 Iohannis
475 1705 619 1788 magistri
643 1705 748 1770 socius
770 1704 945 1769 fidissimus
966 1712 1095 1786 iamque
1120 1711 1268 1769 strenuus
1291 1702 1368 1784 fuit,
1400 1711 1435 1769 ut
1461 1704 1530 1787 ipse
1555 1703 1702 1786 magistri
1723 1704 1861 1770 militum
1883 1706 1926 1770 ti-

299 1825 366 1889 tulo
389 1845 409 1888 a
431 1824 607 1890 Iustiniana
630 1826 869 1906 ornaretur¹⁴⁴l.
917 1823 1048 1888 Praeter
1070 1823 1222 1889 Casinam
1244 1824 1328 1888 alius
1351 1823 1530 1888 Maurorum
1553 1843 1626 1903 rex,
1660 1822 1825 1906 Itisdaias,
1859 1826 1925 1890 Ro-

299 1943 403 2008 manis
426 1943 599 2008 auxiliatus
622 1950 681 2008 est.
729 1943 829 2008 Cuius
854 1963 989 2025 regnum
1011 1963 1204 2027 quamquam
1227 1951 1313 2007 certo
1335 1942 1461 2007 nomine
1484 1962 1504 2006 a
1526 1943 1663 2027 Corippo
1686 1962 1843 2026 nusquam
1866 1944 1925 2009 de-

298 2068 441 2144 notatur,
474 2070 582 2128 tamen
603 2062 636 2126 in
658 2062 813 2127 Numidia
835 2062 929 2126 situm
953 2062 1154 2145 Cusinaeque
1177 2063 1264 2144 agris
1286 2061 1452 2126 finitimum
1475 2061 1576 2127 fuisse
1598 2083 1616 2128 e
1639 2062 1832 2129 lohannidos
1854 2065 1925 2129 loco

299 2200 338 2246 eo
360 2180 481 2263 elucet,
515 2202 577 2263 quo
600 2180 720 2246 Casina
749 2189 781 2246 et
802 2180 951 2246 Iiisdaias
979 2181 1061 2247 inter
1089 2201 1123 2246 se
1154 2181 1374 2246 discordantes
1404 2181 1525 2246 bellum
1548 2202 1679 2266 parasse
1702 2181 1847 2248 feruntur
1857 2186 1920 2266 145).
1969 2178 1976 2186 ’

298 2299 368 2364 Iam
391 2300 488 2383 igitur
510 2320 582 2365 cum
604 2300 724 2366 Casina
746 2308 778 2365 et
799 2298 958 2381 liisdaias,
985 2300 1156 2365 Numidiae
1178 2320 1284 2382 reges,
1310 2300 1534 2384 Byzantiorum
1557 2301 1743 2385 apartibus
1765 2303 1920 2386 steterint,

300 2419 381 2484 satis
402 2428 546 2505 apparet,
572 2420 627 2501 qui
649 2418 767 2483 factum
791 2418 846 2499 sit,
874 2419 962 2483 utin
986 2420 1166 2484 Maurorum
1190 2420 1339 2502 gentibus
1361 2420 1537 2485 rebellibus
1559 2421 1765 2486 recensendis
1788 2442 1808 2485 a
1830 2430 1924 2506 potita

300 2537 473 2604 Numidiae
497 2538 754 2621 septentrionalis
776 2558 880 2620 neque
903 2539 1041 2622 populus
1063 2539 1149 2603 ullus
1172 2559 1276 2619 neque
1299 2539 1471 2623 oppidum,
1502 2539 1677 2605 Numidiae
1706 2540 1927 2606 meridionalis

301 2676 341 2722 ea
370 2663 493 2723 tantum
523 2677 617 2742 pars,
650 2677 732 2741 qnae
754 2658 876 2723 laudae
898 2657 1027 2722 Aurasii
1049 2658 1165 2722 montis
1193 2657 1263 2740 regi
1292 2667 1434 2742 pareret,
1466 2669 1694 2725 memoraretur
1703 2663 1768 2743 ¹⁴⁶).
1815 2662 1862 2726 Ac
1884 2661 1924 2726 de

300 2777 443 2843 exercitu
465 2777 618 2842 Iohannis
645 2777 779 2859 eiusque
809 2776 940 2842 auxiliis
969 2777 1049 2842 hacc
1079 2777 1243 2841 hactenus.
1290 2777 1384 2842 Nunc
1413 2778 1453 2844 de
1483 2779 1579 2844 rebus
1605 2780 1646 2844 ab
1669 2799 1707 2845 eo
1729 2779 1830 2864 gestis
1852 2782 1926 2846 brc-

299 2896 382 2961 viter
403 2898 563 2980 agendum
586 2904 646 2962 est.

386 3016 560 3100 Byzacium
589 3037 660 3082 cum
688 3017 863 3082 innumeris
885 3015 1065 3080 Maurorum
1088 3015 1310 3098 praedantium
1332 3017 1444 3082 turmis
1470 3020 1714 3101 vexaretur¹⁴⁷),
1747 3020 1831 3085 hanc
1851 3041 1926 3105 pro-

303 3134 441 3199 vinciam
465 3136 658 3219 Carthagine
681 3135 841 3220 profectus
863 3134 1023 3200 Iohannes
1045 3135 1233 3218 petiuitssi).
1280 3136 1460 3200 Maurorum
1483 3137 1660 3220 legatione,
1694 3158 1776 3222 quae
1806 3139 1849 3204 ad
1871 3159 1927 3204 ca-

392 3409 448 3469 142)
470 3412 538 3460 Proc.
558 3413 583 3461 b.
604 3409 685 3459 Vand.
706 3411 730 3457 ll
750 3409 782 3459 25
804 3407 966 3477 Ἀρεόβινδος
985 3408 1088 3478 πέμψας
1106 3409 1175 3478 παρὰ
1192 3410 1234 3462 τὸν
1255 3405 1380 3470 Κουζίνον
1398 3409 1482 3479 λάθρα
1501 3409 1609 3479 ἔπρασσε
1628 3411 1763 3481 προδοσίας
1782 3413 1848 3482 πέρι.
1885 3412 1928 3465 uui

303 3489 362 3544 dre
381 3489 506 3554 Κουζὶνσς
525 3492 701 3564 ὡμολόγησεν,
722 3491 823 3546 ἐπειδὰν
843 3493 869 3546 ἐν
887 3494 925 3563 τῷ
943 3493 1008 3564 ἔργῳ
1027 3495 1159 3563 γένωνται,
1180 3493 1222 3547 ἐπ)
1238 3513 1265 3546 τε
1285 3491 1407 3549 'tormer
1426 3495 1469 3547 uni
1482 3492 1661 3565 Μαυρουσίους
1679 3498 1738 3557 τοὺς
1756 3499 1786 3550 ἐκ
1798 3496 1927 3558 Βυζουςίου

302 3578 486 3649 τραπήσεσθοι.
505 3608 540 3618 -
558 3578 682 3649 ἀλλήλους
700 3579 728 3631 δὲ
746 3578 826 3650 ἄμφω
845 3578 964 3648 πολέμιοί
982 3598 1008 3632 τε
1026 3581 1070 3632 καὶ
1088 3580 1220 3648 δυσμενεῖς
1237 3585 1292 3640 τοῖς
1310 3584 1423 3652 γνώμαις
1441 3580 1511 3640 ὄντες
1528 3582 1565 3652 νῷ
1583 3583 1686 3652 πονερῷ
1703 3583 1890 3643 ξυνετάσσοντο.

392 3683 447 3744 143)
469 3685 538 3733 Prec.
558 3688 585 3734 b.
605 3686 686 3733 Vand.
707 3685 732 3731 II
750 3684 782 3733 II
806 3679 965 3751 Ἀρταβάνης
990 3681 1085 3735 bisul
1103 3679 1228 3743 Κουζ1νος
1250 3682 1345 3754 ἐπῆγον
1364 3682 1406 3736 ἐπὶ
1423 3684 1483 3743 τοὺς
1501 3683 1628 3743 ἐναντίους
1646 3686 1675 3739 τὸ
1693 3688 1845 3756 στράτευμα.
1883 3686 1926 3745 οὓς

304 3765 337 3836 δὴ
356 3766 385 3819 σὺ
404 3768 593 3839 iussae-ptiust
611 3768 635 3820 el
653 3767 696 3830 ξὺν
714 3768 751 3837 τῷ
769 3765 882 3838 Ἀντάλρ
899 3764 1059 3837 Μουρυύσιοι
1077 3767 1103 3826 ἐς
1123 3767 1204 3838 φυγὴν
1224 3770 1352 3838 ὥρμηντο.
1878 3769 1880 3773 ⁴

394 3871 450 3932 144)
471 3873 541 3924 Proc.
561 3875 586 3925 b.
607 3873 687 3922 Vand.
707 3874 732 3920 ll
750 3871 783 3922 28
797 3873 841 3925 tiu.
868 3872 923 3922 Cor.
944 3873 998 3922 lob.
1019 3874 1055 3920 Iv
1074 3873 1219 3954 5095-514.
1244 3872 1319 3923 1095.
1338 3874 1372 3921 Vl
1393 3873 1451 3923 Iol.
1473 3873 1531 3924 ²68.
1553 3873 1611 3924 tie.
1634 3874 1692 3925 tii.
1712 3876 1760 3922 VII
1780 3875 1924 3927 tei-271.

301 3958 366 4005 VIII
384 3955 530 4008 tte-27³.

392 4060 449 4121 145)
471 4061 526 4111 Cor.
547 4061 600 4110 lob.
621 4061 671 4108 Vll
690 4057 740 4108 Iti
758 4073 867 4122 namque
884 4061 953 4108 iuter
970 4074 1025 4109 sese
1043 4060 1100 4108 dori
1119 4061 1169 4108 iam
1188 4060 1283 4108 semina
1300 4060 1361 4108 belli

756 4159 847 4194 saevus
865 4145 979 4194 liisdaias
997 4153 1024 4194 et
1041 4146 1105 4193 tldns
1124 4144 1219 4194 Curius
1237 4148 1344 4207 sumptis

758 4237 820 4279 tunc
838 4229 948 4279 habuere
966 4231 1035 4280 odiis.
1074 4231 1170 4280 bellum
1188 4232 1238 4279 iarn
1257 4229 1329 4278 corda
1345 4231 1460 4278 tutorum

759 4321 876 4377 coeperat·
892 4316 988 4364 alterno
1006 4316 1157 4365 succendere
1174 4317 1277 4364 barbara
1295 4323 1370 4363 motu.

388 4416 444 4478 146)
467 4419 522 4470 (ior.
541 4418 594 4467 Iob.
615 4415 785 4467 Ille-161.
818 4418 850 4468 ei.
868 4418 987 4479 prooemii
1004 4418 1081 4467 buius
1098 4432 1124 4480 p.
1146 4418 1214 4468 IIII.
1235 4418 1292 4467 XV.

390 4518 446 4584 Iti)
468 4520 524 4569 Cor.
544 4520 597 4570 Ich.
618 4521 630 4567 I
648 4517 793 4570 eae-³49.

391 4621 448 4683 148)
469 4621 524 4670 Cor.
544 4622 596 4671 lob.
618 4621 698 4671 1460
717 4622 819 4684 lamque
837 4635 882 4683 per
899 4627 1017 4671 extensos
1035 4636 1170 4685 properans
1188 4624 1314 4670 exercitus
1332 4635 1401 4683 agros

713 4708 813 4766 Byzaoli
832 4710 949 4770 carpebat
966 4710 1026 4768 iter,
1048 4722 1098 4769 qua
1116 4710 1227 4757 Antonia
1244 4716 1324 4756 castra

713 4794 812 4841 nomIne
831 4794 913 4842 dictus
931 4795 985 4842 aris
1003 4795 1071 4842 locus
1090 4799 1136 4842 est.
1174 4793 1216 4842 hic
1233 4799 1313 4840 castra
1332 4792 1455 4841 lohannes

713 4892 771 4927 mox
789 4881 887 4940 posuit:
909 4880 987 4939 legati
1006 4886 1031 4927 et
1049 4880 1098 4926 iam
1116 4892 1208 4928 venere
1226 4880 1333 4937 tyranni.

302 4964 374 5013 Vnde
391 4965 503 5013 Antonia
519 4967 599 5012 castra
615 4975 707 5012 nomen
724 4964 845 5013 duxerint
862 4969 887 5012 et
904 4966 951 5013 ubi
967 4966 1073 5023 inerint,
1092 4965 1189 5013 nescire
1207 4976 1247 5011 me
1266 4963 1353 5011 fateor.
1392 4963 1496 5011 Antonii
1515 4963 1634 5012 Gordiani
1653 4972 1733 5013 castra
1750 4964 1864 5013 denotari
1883 4981 1923 5014 sr-

301 5051 411 5098 bitratus
429 5056 468 5098 est
486 5049 603 5098 Tsuxier.
638 5050 726 5099 Notice
744 5063 788 5097 sur
806 5050 913 5112 Gorippe
932 5056 957 5098 et
974 5063 1018 5098 sur
1036 5052 1061 5098 ls
1078 5049 1224 5098 lebannide.
1253 5048 1314 5099 Rev.
1335 5049 1390 5098 Air.
1410 5047 1459 5096 XX
1480 5047 1545 5098 1816
1564 5063 1589 5110 ρ.
1610 5048 1661 5100 Iao
1681 5051 1715 5097 ‘il
1732 5063 1760 5098 se
1778 5057 1849 5111 porta
1867 5052 1922 5098 hors

300 5136 331 5184 de
349 5136 373 5183 is
390 5136 449 5182 ville
465 5135 552 5196 jusqu'
570 5148 602 5182 su
620 5148 690 5197 camp
708 5136 850 5197 Antouien,
876 5136 964 5197 cbamp
987 5135 1019 5183 de
1038 5135 1141 5184 bataille
1165 5135 1234 5183 sitne
1255 5147 1306 5182 nen
1328 5135 1382 5183 lein
1399 5133 1443 5181 des
1461 5134 1593 5193 isnbourgs
1611 5141 1637 5182 et
1654 5135 1747 5183 temoin
1763 5134 1830 5193 iadis
1849 5136 1880 5182 de
1898 5136 1923 5183 la

301 5221 395 5269 diiaite
417 5220 448 5268 de
467 5219 575 5268 Gordian
594 5221 605 5267 I
626 5235 671 5282 par
689 5218 829 5282 Capelllen.
868 5221 916 5281 La,
944 5219 1008 5268 Jsan
1031 5226 1163 5268 renuentia
1187 5218 1286 5267 l'srmee
1308 5219 1361 5280 des
1376 5218 1506 5277 indigenae
1530 5220 1688 5268 commandte
1712 5220 1922 5281 perlatuisset

301 5308 370 5355 aussi
381 5319 425 5368 par
437 5304 534 5354 Jema'.
563 5304 687 5367 Equidem
699 5306 812 5353 tumultu
823 5307 901 5367 brevi,
922 5319 972 5368 qno
983 5304 1123 5354 Gordianus
1134 5306 1219 5368 periit,
1237 5317 1362 5367 perpenso
1378 5305 1509 5365 [Herodian
1521 5305 1555 5352 Vl
1568 5305 1593 5354 9.
1614 5305 1787 5373 Inuncapuol.
1803 5305 1923 5355 Gordiani

298 5399 350 5440 tres
371 5391 411 5452 15)
435 5390 592 5440 aiiordiano
614 5396 695 5438 castra
711 5391 810 5439 munita
827 5405 896 5451 esse,
922 5405 1028 5453 quorum
1052 5393 1169 5440 memoris
1193 5405 1226 5439 ns
1245 5389 1292 5438 vI⁰
1317 5390 1420 5453 quidem
1439 5391 1538 5439 saecule
1556 5392 1673 5452 perierit,
1698 5391 1741 5438 rix
1760 5391 1918 5440 crediderim.

299 5476 416 5527 Ceterum
433 5489 518 5539 pugna
533 5476 593 5537 ills,
620 5490 669 5538 qua
687 5475 827 5524 Gordianus
844 5477 913 5525 iilius
931 5477 1034 5535 cecidit,
1060 5475 1222 5524 hauddubie
1241 5477 1267 5523 in
1288 5478 1327 5523 vis
1346 5474 1511 5536 Thevestina,
1539 5487 1591 5523 non
1607 5477 1635 5523 ln
1653 5475 1834 5524 HadrumetIna
1852 5488 1920 5523 eem-

297 5564 374 5613 mlsss
391 5568 439 5612 eat.
477 5562 595 5624 Denique
617 5562 649 5609 sd
672 5566 751 5610 cntra
767 5561 880 5610 Antonia
897 5562 1034 5610 Iohannem
1056 5575 1112 5610 cum
1131 5563 1245 5610 exercitu
1263 5561 1370 5610 Maurico
1388 5573 1550 5620 congressum
1568 5563 1672 5622 primam
1690 5561 1819 5608 uictoriam
1837 5573 1921 5622 reper-

296 5655 365 5699 tuse
382 5648 467 5698 nescio
484 5660 547 5695 num
565 5646 675 5694 Taaner
691 5646 870 5707 contendisset,
892 5648 913 5694 si
931 5648 1071 5695 accuratius
1088 5649 1176 5708 paullo
1193 5648 1250 5694 libri
1268 5646 1373 5695 meandi
1391 5645 1540 5695 lohannidos
1558 5647 1689 5695 exordium
1707 5647 1870 5708 inspexisset.
