4440 6276
1031 425 1178 481 OORlPPI

986 616 1122 682 referam
1145 617 1265 701 primas
1287 617 1430 682 iunxisse
1453 618 1626 702 quadrigas

535 744 582 779 :aa
678 730 712 786 et
733 741 841 785 currus
864 738 1005 785 armasse
1029 740 1145 803 novos,
1172 720 1386 804 Pelopemque
1410 720 1583 787 secundum

677 824 711 889 in
734 823 836 889 soceri
857 823 984 888 venisse
1007 843 1128 889 neeem.
1176 823 1387 906 praestantior
1408 824 1489 890 alter

677 928 826 992 inventus
848 946 947 1009 gener
970 932 1033 1006 est,
1060 926 1134 1010 plus
1157 944 1294 1010 sponsae
1316 926 1441 992 iunctus
1464 947 1580 992 amore.

678 1029 761 1094 hunc
782 1036 925 1095 vetemm
947 1028 1042 1112 primi
1064 1028 1160 1094 ritum
1182 1049 1244 1093 non
1266 1029 1325 1094 rite
1348 1029 1511 1110 colebant,

679 1152 750 1198 csse
773 1132 868 1197 deum
891 1132 990 1197 solem
1013 1137 1102 1196 reeta
1123 1152 1185 1196 non
1208 1138 1312 1197 mente
1336 1138 1495 1216 putantes.

678 1235 736 1301 sed
759 1235 859 1300 lactor
881 1233 959 1299 solis
981 1240 1147 1317 postquam
1171 1235 1230 1299 suh
1253 1234 1321 1299 sole
1344 1233 1446 1298 videri

679 1357 713 1403 se
736 1337 837 1402 voluit
857 1337 1054 1419 formamque
1077 1335 1156 1401 deus
1179 1336 1220 1401 de
1242 1337 1366 1420 virgine
1390 1337 1526 1422 sumpsit

679 1440 808 1506 humani
830 1440 974 1523 generis,
1001 1445 1075 1504 tunc
1097 1459 1227 1504 munere
1251 1440 1327 1504 solis
1350 1440 1499 1525 adempto

678 1543 877 1628 principibus
900 1543 1027 1609 delatus
1049 1543 1148 1608 honor
1169 1561 1346 1626 munusque
1369 1543 1492 1608 Latinis

678 1654 710 1713 et
731 1647 872 1713 iucunda
893 1666 995 1712 novae
1019 1645 1173 1711 circensia
1195 1645 1315 1728 gaudia
1337 1647 1467 1712 Romae.
1653 1725 1657 1731 g

765 1752 825 1815 huc
847 1769 957 1815 omnes
979 1748 1106 1835 populi,
1133 1749 1225 1833 pueri
1247 1749 1441 1832 iuvenesque
1464 1770 1620 1834 senesque

1088 1851 1166 1917 (lant
1187 1852 1317 1935 agmina
1339 1853 1471 1937 plausus

1086 1975 1147 2020 vox
1170 1955 1315 2020 omnibus
1338 1976 1418 2021 una.

651 2080 766 2127 mens
788 2059 917 2125 eadem:
945 2079 1060 2123 nomen
1083 2059 1210 2143 populis
1232 2058 1339 2142 placet
1360 2059 1505 2125 omnibus
1528 2080 1635 2126 unum.

676 2165 745 2230 ales
767 2171 802 2228 ut
824 2169 953 2228 exustos
976 2181 1047 2227 cunr
1071 2160 1209 2246 phoenix
1232 2161 1363 2226 innovat
1384 2169 1472 2228 artus

677 2289 698 2332 a
719 2267 812 2331 busto
836 2265 982 2331 rediviva
1004 2284 1078 2344 suo,
1105 2272 1276 2330 concentus
1299 2264 1332 2329 in
1356 2285 1451 2329 unum

678 2376 767 2435 stans
788 2368 895 2433 avium
919 2373 1044 2452 spectat
1065 2367 1164 2432 solem
1188 2367 1327 2449 solisque
1350 2367 1527 2449 volucrem,

678 2471 752 2537 dum
777 2471 902 2552 veniat,
928 2489 1101 2553 regemque
1123 2489 1240 2534 novum
1264 2470 1401 2535 clamore
1424 2471 1580 2537 salutant:

677 2575 723 2640 sic
746 2574 844 2640 decus
865 2573 1008 2658 imperii,
1035 2579 1179 2638 sanctum
1203 2573 1249 2637 sic
1271 2573 1336 2638 iota
1358 2592 1528 2656 resurgens

677 2684 820 2744 exortum
844 2684 893 2743 est
915 2676 956 2741 de
978 2677 1040 2743 line
1064 2695 1139 2755 suo,
1167 2659 1352 2757 seniumque
1375 2697 1532 2761 reponens

678 2780 813 2846 nominis
835 2786 868 2845 et
889 2780 968 2845 recti
989 2779 1110 2845 Iustino
1133 2779 1166 2843 in
1189 2779 1330 2863 principe
1353 2779 1433 2845 vivit

677 2883 872 2950 Iustinianus
894 2904 996 2968 apex:
1023 2881 1143 2947 domini
1165 2881 1211 2947 sie
1233 2882 1350 2965 vulgus
1371 2902 1478 2949 amore

677 2987 817 3071 undique
839 2986 1032 3052 conveniens
1055 2988 1211 3051 laetamur
1233 3006 1321 3050 more
1344 2987 1506 3051 voluerum

680 3094 731 3156 ‘tu
754 3089 881 3171 vincas,
907 3089 1061 3154 Iustine'!
1090 3095 1224 3169 canunt,
1250 3088 1428 3171 ingensque
1451 3091 1604 3156 tumultus

676 3193 808 3277 crescit,
834 3199 866 3258 et
888 3193 1035 3276 Augusta
1055 3192 1160 3257 luctus
1183 3190 1331 3258 discessit
1352 3193 1392 3257 ah
1415 3193 1492 3258 aula

676 3295 799 3362 laetitia
820 3295 968 3361 veniente
990 3315 1084 3360 nova.
1132 3314 1193 3358 vox
1216 3293 1335 3361 excitet
1358 3314 1478 3361 omnes.

676 3399 782 3465 omnia
804 3398 926 3464 Iustino
948 3398 1103 3482 praebent
1124 3398 1283 3464 elementa
1305 3397 1463 3477 savorem,

675 3502 780 3568 omnia
802 3501 1013 3585 congaudent.
1059 3520 1168 3566 omnes
1191 3501 1328 3566 clamore
1351 3501 1454 3567 vocati

674 3605 865 3671 conveniunt
885 3621 1048 3688 proceres:
1074 3603 1130 3667 lux
1153 3623 1244 3669 sacra
1266 3604 1388 3688 palatia
1410 3607 1557 3689 complet.

675 3709 778 3793 ipsum
801 3706 878 3790 quin
901 3705 996 3772 etiam
1020 3706 1199 3771 exanimum
1222 3706 1364 3789 gaudere
1386 3716 1515 3793 putares

568 3837 576 3846 ·
675 3831 806 3895 corpus,
832 3809 865 3874 in
887 3809 1066 3893 angelicam
1088 3815 1243 3875 mutatum
1267 3816 1365 3875 morte
1387 3812 1534 3895 ligurem.

675 3915 769 3998 signa
790 3913 880 3980 dedit
901 3912 1074 3978 manifesta
1096 3912 1195 3991 deus,
1221 3933 1319 3995 seque
1342 3913 1412 3998 ipse
1435 3917 1579 4000 probavit

674 4017 797 4082 Iustino
818 4018 936 4082 claram
959 4015 1050 4099 regni
1071 4015 1251 4100 inposuisse
1274 4036 1432 4083 coronam.

302 4230 332 4236 —
415 4232 489 4238 --.
502 4231 644 4238 ..—.—-.

360 4365 408 4415 334
427 4368 542 4415 lucanum
559 4370 625 4414 certe
642 4368 779 4414 conlectum
796 4364 885 4423 expleri
902 4377 953 4409 non
969 4377 1037 4422 posse
1056 4364 1173 4410 intellexit
1192 4362 1266 4423 Itala,
1297 4363 1449 4411 Oenomaum
1467 4363 1681 4414 eorumeorurn
1698 4369 1856 4420 adnotatione
1874 4375 1907 4421 od

291 4452 387 4501 staturati
405 4467 479 4500 curun.
503 4451 593 4498 XXIII
608 4466 634 4511 p.
652 4453 708 4512 198,
729 4448 880 4497 Orsilochum
899 4446 957 4494 add.
973 4449 1080 4508 Scaliger
1098 4447 1230 4496 Animadv.
1251 4451 1278 4497 In
1298 4448 1384 4497 Euseh.
1403 4463 1429 4509 p.
1445 4450 1486 4505 ⁶26,
1507 4450 1665 4513 Cecropidum
1684 4455 1721 4500 vel
1739 4459 1905 4519 anguipedem

292 4539 352 4586 (scit.
370 4537 564 4599 Erichthonium)
586 4536 645 4586 edd.
660 4538 780 4596 usurpa..
801 4534 860 4597 quid
878 4538 944 4593 onte,
964 4533 1115 4581 Oenomaum
1132 4538 1186 4594 post
1204 4535 1308 4582 referem
1326 4534 1383 4583 add.
1399 4536 1475 4582 Barth
1494 4536 1615 4585 XXXVI
1631 4553 1656 4598 p.
1675 4542 1748 4598 1646,
1769 4544 1829 4603 quill
1848 4544 1908 4593 Pro-

290 4625 383 4684 cyclum
402 4624 460 4673 add.
477 4624 548 4682 utu,
569 4624 725 4672 Heniochum
744 4621 801 4671 add.
817 4621 906 4669 Setden
925 4620 1015 4668 Μανιη.
1033 4619 1113 4668 (leon.
1131 4636 1158 4680 p.
1176 4623 1230 4679 119,
1253 4621 1408 4669 lieniochurn
1426 4623 1492 4670 haud
1510 4622 1568 4671 add.
1584 4624 1668 4684 Pupp,
1690 4627 1731 4673 sed
1749 4628 1809 4689 quill
1824 4630 1906 4678 Solem

291 4713 380 4772 reputet
398 4709 501 4759 videtur.
533 4711 565 4772 ef.
586 4710 645 4756 art.
665 4710 725 4757 339.
746 4709 796 4756 ‘sta
907 4708 1010 4754 reserem
1031 4704 1064 4767 II,
1085 4708 1197 4755 referunt
1213 4708 1302 4755 rnatutt
1321 4707 1383 4755 Itutz
1498 4706 1548 4757 335
1567 4709 1682 4771 Pelopem
1700 4717 1777 4773 etque
1794 4728 1838 4775 per
1857 4731 1906 4765 un·

290 4798 334 4845 (10⁸
352 4796 427 4856 Pupp,
546 4793 595 4844 336
613 4796 676 4843 alter
695 4793 731 4853 IlI,
750 4795 793 4843 illo
810 4792 926 4840 dubitans
946 4793 1031 4853 Pupp,
1051 4797 1103 4840 erte
1124 4791 1257 4840 Mommsen
1372 4792 1417 4842 341
1439 4796 1529 4842 sumsit
1548 4792 1576 4840 Μ
1688 4796 1736 4847 344
1754 4801 1861 4849 iocunde
1881 4803 1909 4850 II

291 4881 348 4931 346.
364 4880 412 4932 347
433 4884 460 4929 tn
477 4879 668 4949 rancun-uersum
685 4881 810 4928 contenetl
827 4884 884 4926 sunt
902 4880 929 4927 tn
941 4877 1021 4926 codice
1034 4876 1069 4940 II,
1090 4879 1188 4938 sgrnlns
1205 4879 1266 4926 dsrst
1283 4879 1385 4940 plausus
1403 4880 1501 4940 siseres,
1522 4894 1570 4928 nox
1588 4883 1703 4930 omnibns
1721 4899 1771 4933 uns
1784 4887 1905 4951 Demeas,

289 4969 387 5030 agmine
404 4968 469 5016 fecto
486 4968 565 5016 edunt
582 4967 698 5028 plausus,
720 4979 769 5013 uox
786 4964 901 5012 omuibus
919 4979 970 5012 una
989 4963 1061 5023 Βία,
1082 4977 1109 5011 sc
1127 4964 1194 5024 daut,
1215 4966 1370 5024 lngequsut
1390 4966 1437 5027 (vel
1453 4968 1633 5027 corigemlnsut)
1655 4969 1766 5031 plausus,
1787 4986 1836 5021 uox
1854 4989 1907 5023 orn-

290 5057 364 5102 uihus
382 5066 433 5101 uns
450 5052 520 5112 Jeep.
636 5050 686 5099 349
704 5056 807 5098 exustos
826 5050 947 5097 Baehrens
967 5049 1031 5097 IlIns.
1052 5049 1129 5098 Bhen.
1152 5051 1251 5097 XXVII
1270 5052 1328 5111 294,
1349 5053 1474 5113 expositos
1495 5050 1522 5097 II
1631 5052 1682 5103 350
1699 5057 1814 5107 rediuiua
1831 5059 1905 5125 satu,

288 5139 398 5189 meldim
410 5136 439 5185 Μ
540 5142 674 5186 concentus
687 5136 721 5195 Μ,
742 5143 881 5183 conuentus
899 5134 1014 5183 ‹Iahr'tens
1026 5135 1095 5195 Jaey.
1202 5135 1251 5184 359
1270 5137 1333 5185 hunc
1349 5151 1448 5186 uernum
1464 5137 1520 5185 tren·
1535 5140 1609 5199 petrns·
1626 5140 1707 5202 (luen,
1726 5157 1810 5192 nerem
1821 5147 1907 5194 360-

288 5229 338 5274 367
356 5226 412 5274 lthri
424 5222 526 5273 secundi
536 5222 664 5272 acediam
675 5236 723 5269 esse
735 5220 866 5268 urhttrntus
878 5225 912 5268 ert
925 5220 992 5279 ltin,
1011 5222 1128 5281 perlectis
1146 5224 1173 5270 s‘n
1191 5236 1295 5271 errorem
1312 5221 1432 5270 abductus
1535 5222 1585 5273 364
1604 5228 1746 5276 exanimum
1759 5230 1816 5279 add.
1833 5232 1904 5293 sset,

288 5313 368 5360 trrnctl
387 5310 446 5360 udd.
467 5311 593 5371 Demptus,
614 5309 728 5356 quotum
748 5305 806 5356 aes.
827 5307 883 5357 htv.
988 5303 1038 5355 365
1056 5309 1190 5368 angelicum
1211 5308 1287 5368 aru,
1308 5310 1418 5369 angelice
1436 5308 1465 5356 Μ
1566 5312 1668 5370 figurem
1685 5312 1763 5370 Birt..
1784 5320 1860 5376 ligure
1882 5319 1909 5366 Μ

289 5397 338 5446 366
355 5397 469 5460 prebsblt
489 5395 515 5442 sl
629 5393 678 5444 367
697 5392 937 5455 imposuissemus,
957 5393 1071 5454 posuisse
1090 5392 1117 5439 II
1230 5408 1353 5443 sxrmcrr
1370 5407 1474 5442 comari
1493 5408 1544 5442 sas
1560 5408 1655 5446 rmuvs
1674 5412 1774 5448 merum
1792 5417 1907 5454 urvsnnsr

288 5496 349 5530 seer
368 5495 498 5531 sscvrsnvs
520 5481 544 5527 Μ
